2468 3952
135 182 202 245 402
529 181 710 232 APPENDIX
729 181 766 232 IL

137 331 165 390 Β
172 329 285 390 ΔΜΑ
307 320 446 407 στερεὸν
468 321 536 409 ὅλῳ
563 325 609 411 τῷ
634 322 759 388 ΖΘΡΟ
785 325 909 411 στερεῷ
934 318 1058 406 ὅμοιόν
1083 323 1159 388 ἐστι.

138 429 176 498 τά
201 429 239 497 δὲ
262 429 363 514 ὅμοια
385 426 503 513 στερεά
525 432 839 513 παραλληλεπίπεδα
863 427 949 513 πρὸς
972 426 1105 512 ἄλληλα
1123 429 1158 494 ἐν

138 541 349 621 τριπλασίονι
378 533 468 623 λόγῳ
502 535 571 601 ἐστὶ
598 538 669 602 τῶν
696 531 873 620 ὁμολόγων
904 538 1073 618 πλευρῶν.
1122 536 1158 602 τδ

139 648 289 711 ΒΔΜΑ
312 639 378 727 ἄρα
401 639 538 728 στερεὸν
560 638 644 727 πρὸς
666 639 703 708 τὸ
724 647 852 708 ΖΘΡΟ
869 638 1008 727 στερεὸν
1025 648 1159 727 τριπλα·

140 754 239 817 σίονα
263 746 365 833 λόγον
389 752 455 833 ἔχει
477 746 561 833 ήπερ
584 744 605 832 ή
625 753 692 814 ΒΓ
710 746 794 834 πρὸς
815 745 878 832 τὴν
896 753 972 814 ΖΗ.
1011 752 1073 814 καί
1093 748 1160 814 ἐστι

140 860 201 924 τοῦ
224 854 285 941 μὲν
300 861 368 920 ΒΔ
374 861 450 921 ΜΔ
473 859 609 940 στερεοῦ
628 855 725 921 ἕκτου
744 855 844 940 μέρος
862 851 883 940 ἡ
899 854 1160 940 ΑΒΓπυραμὶς

141 973 202 1030 τοῦ
219 951 353 1028 ΙΖΘΡΟ
379 965 517 1044 στερεοῦ
544 961 642 1028 ἕκτον
669 962 769 1046 μέρος
795 957 817 1046 ἡ
842 965 978 1027 ΕΖΗΘ
1001 965 1160 1046 πυραμίς·

142 1069 197 1136 καὶ
225 1066 244 1154 ἡ
270 1071 403 1134 ΑΒΓΔ
430 1065 496 1152 άρα
523 1069 668 1154 πυραμίς
695 1067 779 1152 πρὸς
805 1065 869 1152 τήν
893 1072 1032 1134 ΕΖΗΘ
1058 1091 1160 1153 πυρα-

142 1180 223 1261 μίδα
245 1177 465 1257 τριπλασίονα
488 1170 592 1256 λόγον
611 1177 677 1256 ἔχει
695 1169 780 1256 ήπερ
799 1168 819 1256 ή
834 1177 863 1238 Β
869 1169 996 1256 Γπρὸς
1009 1169 1073 1256 τήν
1089 1177 1160 1238 ΖΗ.

108 1397 124 1445 9
211 1392 286 1466 Πάς
312 1389 421 1464 κῶνος
447 1387 632 1471 κυλίνδρου
659 1389 774 1469 τρίτον
797 1384 897 1470 μέρος
919 1383 990 1451 ἐστὶ
1012 1388 1078 1451 τοῦ
1100 1383 1159 1470 τήν

144 1491 250 1579 αὐτὴν
273 1491 373 1577 βάσιν
397 1497 532 1577 ἔχοντος
554 1490 610 1556 καὶ
635 1488 722 1568 ύψος
745 1497 829 1557 ἴσον.

210 1599 308 1686 ἐχέτω
336 1595 401 1683 γάρ
428 1601 536 1675 κῶνος
562 1600 732 1686 κυλίνδρῳ
761 1595 862 1680 βάσιν
885 1593 949 1680 τὴν
971 1594 1083 1681 αὐτήν
1106 1594 1164 1664 τὸν

144 1712 277 1776 ΑΒΓΔ
299 1702 423 1770 κύκλον
446 1703 502 1769 καὶ
524 1699 611 1782 ύψος
634 1709 719 1769 ἴσον.
765 1703 866 1787 λέγω,
890 1699 943 1768 ὅτι
966 1701 1164 1787 τριπλάσιός

145 1816 236 1881 ἐστιν
259 1808 277 1878 ὁ
300 1808 481 1891 κύλινδρος
502 1812 563 1874 τοῦ
586 1806 709 1877 κύνου.

213 1921 244 1984 εί
261 1913 325 2002 γάρ
344 1913 388 2000 μή
409 1910 537 1980 ἐστινὸ
557 1913 737 2000 κύλινδρος
754 1916 815 1981 τού
828 1913 943 1982 κείνου
955 1913 1165 2002 τριπλάσιος,

147 2030 238 2092 ἔσται
261 2019 327 2110 άρα
349 2019 423 2106 ήτοι
446 2025 566 2106 μείζων
588 2016 609 2106 ή
633 2020 826 2105 τριπλάσιος
844 2016 865 2107 ή
885 2020 1039 2088 ἐλάσσων
1058 2017 1079 2107 ή
1099 2047 1166 2106 τρι·

146 2129 295 2207 πλάσιος.
332 2131 414 2193 ἔστω
438 2125 645 2213 πρότερονὸ
669 2125 849 2213 κύλινδρος
872 2131 933 2195 τοῦ
957 2127 1072 2196 κύνου
1096 2133 1164 2214 μεί

148 2242 213 2319 ζων
241 2230 261 2321 ἢ
289 2230 484 2322 τριπλάσιος
510 2234 555 2322 τῷ
579 2238 645 2299 ΡΣ
669 2236 800 2324 στερεῷ.
855 2233 911 2299 καὶ
939 2233 1166 2320 ἐγγεγράφθω

148 2346 195 2421 είς
221 2340 282 2407 τὸν
309 2345 443 2407 ΑΒΓΔ
469 2337 595 2407 κύκλον
621 2341 832 2426 τετράγωνον
862 2338 899 2407 τὸ
927 2346 1078 2427 ΑΒΓΔ,
1112 2341 1166 2409 καὶ

149 2444 318 2514 άνεστάτω
337 2443 403 2512 ἀπὸ
423 2450 483 2514 τού
502 2451 636 2513 ΑΒΓΔ
653 2443 865 2532 τετραγώνου
882 2451 1009 2531 πρίσμα
1029 2448 1169 2529 ίσουψδς

149 2558 195 2647 τῷ
213 2555 392 2644 κυλίνδρῳ.
427 2551 464 2619 τὸ
484 2552 551 2639 ἄρα
564 2550 792 2638 ἀνισταμένου
805 2556 932 2639 πρίσμα
946 2553 1061 2638 μεῖζόν
1076 2557 1167 2622 ἐστιν

149 2658 170 2748 ή
193 2664 231 2728 τὸ
255 2659 359 2746 ήμισυ
377 2662 438 2725 τού
456 2661 648 2745 κυλίνδρου.
678 2657 922 2744 τετμήσθωσαν
940 2661 978 2726 αί
995 2665 1076 2744 ΑΒ,
1097 2665 1168 2743 ΒΓ,

151 2774 228 2853 ΓΔ,
253 2774 322 2833 ΔΑ
345 2767 551 2851 περιφέρειαι
574 2768 651 2852 δίχα
673 2763 756 2832 κατὰ
779 2763 820 2832 τά
843 2772 888 2850 Ε,
917 2772 959 2849 Ζ,
987 2771 1037 2850 Η,
1061 2772 1091 2832 Θ
1115 2785 1169 2851 ση-

153 2886 239 2961 μεία,
262 2873 318 2939 καὶ
341 2870 594 2958 ἐπεζεύχθωσαν
617 2875 654 2938 αί
676 2878 757 2957 ΒΑ,
781 2878 859 2956 ΕΒ,
884 2877 963 2956 ΒΖ,
986 2878 1061 2957 ΖΓ,
1085 2877 1168 2956 ΓΗ,

151 2987 240 3066 ΗΔ,
261 2985 342 3064 ΔΘ,
361 2986 443 3063 ΘΑ,
462 2980 517 3046 καὶ
535 2975 705 3047 ἀνεστάτω
724 2975 784 3065 ἀφ’
806 2978 947 3045 ἑκάστου
964 2981 1034 3046 τῶν
1050 2984 1169 3062 ΔΕΒ,

152 3092 259 3171 ΒΖΓ,
288 3091 407 3170 ΓΗΔ,
441 3092 543 3152 ΔΘΑ
565 3082 740 3170 τριγοάυων
766 3089 933 3171 πρίσματα
962 3082 1102 3164 ἰσουψὲς
1124 3086 1169 3175 τῳ

153 3195 330 3281 κυλίνδρῳ.
385 3191 524 3257 ἕκαστον
555 3187 794 3275 ἄνασταμένων
824 3188 1022 3276 πρισμάτων
1050 3195 1171 3275 μείζων

154 3298 244 3367 ἐστὶν
267 3293 288 3383 ή
311 3296 349 3364 τὸ
372 3295 477 3382 ήμισυ
499 3299 559 3364 τού
583 3293 662 3363 καθ’
688 3295 771 3365 αύτὸ
793 3296 963 3382 τμήματος
985 3295 1042 3362 καὶ
1060 3302 1172 3364 κυλίν-

155 3408 248 3492 δρον.
293 3403 449 3490 τοιαύτης
473 3402 515 3489 δή
538 3404 716 3490 γινομένης
739 3401 791 3470 άεὶ
815 3403 1016 3483 ἐπισκέψεως
1039 3402 1173 3490 ληφθή-

81 3504 252 3704 §caval
269 3536 346 3579 τινα
368 3509 518 3597 τμήματα
542 3506 607 3577 άπὸ
631 3513 692 3577 τοῦ
717 3507 799 3578 ὅλου
820 3512 1015 3596 κυλίνδρου,
1039 3503 1062 3576 ἃ
1082 3513 1175 3578 ἐσται
