2468 3952
361 107 636 159 nmuuuroauu
653 109 762 158 amna
779 109 855 160 xm.
1059 105 1124 171 335

177 255 210 316 et
233 250 387 335 quoniam
416 250 723 342 demonstrauimus,
750 251 944 316 diametrum
967 251 1125 335 sphaerae

109 362 175 423 ΑΖ
194 357 308 422 lateris
326 357 506 440 pyramidis
525 359 673 441 potentia
692 357 940 442 sesquialteram
959 379 1042 442 esse,
1065 362 1128 423 BE

107 467 218 529 autem
250 463 353 528 latore
384 463 525 528 octaedri
554 464 703 547 potentia
734 463 832 548 duplo
860 464 1030 548 maiorem,
1063 469 1124 529 ZB

110 573 221 634 autem
249 569 351 634 latere
381 569 456 634 cubi
482 571 632 653 potentia
658 569 757 654 triplo
785 570 956 654 maiorem,
989 592 1125 655 quarum

108 676 372 761 magnitudinum
409 698 465 741 sex
503 677 648 759 aequalis
681 679 731 741 est
761 678 910 760 potentia
946 676 1124 743 diametrus

107 782 277 867 sphaerae,
301 804 409 848 earum
435 786 589 866 quattuor
612 783 746 867 aequale
766 786 817 847 est
835 784 921 848 latus
939 782 1126 874 pyramidis,

105 889 213 953 tribus
238 888 394 974 octaedri,
422 889 547 954 duabus
576 890 658 955 cubi.
704 889 815 974 itaque
838 890 923 955 latus
946 890 1125 974 pyramidis

107 995 258 1079 potentia
282 996 620 1079 supersesquitertium
646 999 696 1062 est
718 997 830 1062 lateris
850 997 1001 1079 octaedri,
1024 997 1126 1062 latere

107 1105 219 1166 autem
238 1102 312 1167 cubi
330 1103 478 1187 potentia
497 1102 595 1187 duplo
616 1103 729 1187 maius,
747 1103 835 1168 latus
854 1107 962 1168 autern
982 1103 1126 1169 octaedri

106 1209 220 1274 lateris
250 1208 324 1273 cubi
351 1210 500 1294 potentia
530 1209 777 1293 sesquialterum
804 1213 862 1274 cst.
907 1231 984 1296 ergo
1013 1210 1126 1294 latera,

107 1336 191 1398 quae
215 1315 472 1401 nominauimus,
499 1316 600 1381 trium
623 1316 755 1381 illarum
778 1316 971 1401 figurarum,
1001 1317 1127 1382 scilicet

107 1421 299 1505 pyramidis,
323 1421 474 1506 octaedri,
498 1422 582 1505 cubi,
605 1423 691 1487 inter
715 1444 749 1486 se
771 1423 915 1488 rationes
934 1423 1058 1488 habent
1075 1445 1127 1487 ra-

108 1527 258 1592 tionales.
304 1529 430 1612 reliqua
453 1550 529 1592 uero
554 1529 626 1612 duo,
649 1529 773 1594 scilicet
795 1529 951 1608 icosaedri
975 1532 1007 1594 et
1031 1529 1127 1593 dode-

113 1632 231 1718 caedri,
253 1655 355 1719 neque
379 1635 465 1699 inter
489 1656 523 1699 so
545 1655 650 1719 neque
673 1635 713 1699 ad
737 1656 783 1718 ea,
806 1656 888 1719 quae
907 1657 1006 1720 supra
1023 1636 1128 1700 norni-

110 1739 272 1825 nauimus,
295 1741 440 1805 rationes
463 1741 639 1805 rationales
662 1741 797 1825 habent,
824 1764 901 1807 uam
924 1743 1126 1807 irrationales

109 1849 201 1929 sunt,
234 1847 373 1912 alterum
405 1848 511 1912 minor
539 1849 642 1931 [prop.
670 1847 763 1929 XVI]
769 1899 778 1934 ,
811 1850 948 1913 alterum
976 1854 1127 1933 apotome

59 2017 60 2020 ,
111 1937 216 2038 [prop.
239 1952 362 2034 XVIH.

174 2059 276 2126 Latus
305 2059 465 2125 iaosaedri
489 2064 561 2125 ΜΒ
584 2061 690 2126 maius
714 2082 784 2126 csse
808 2061 909 2127 latere
937 2061 1128 2127 dodecaedri

110 2171 195 2251 ΝΒ,
218 2167 264 2232 sic
289 2167 594 2232 demonstrabimus.

179 2273 331 2358 quoniam
355 2273 441 2338 enim
464 2273 620 2358 trianguli
640 2277 786 2338 ZABet
806 2279 899 2339 ΖΑΒ
919 2274 1128 2360 aequianguli

114 2401 175 2444 sun
176 2379 277 2466 t,[VI
291 2381 417 2465 8,]erit
431 2384 520 2445 AB:
535 2383 654 2444 BZ=
612 2385 752 2445 -ΒΖ·
767 2385 830 2445 BA
844 2381 913 2466 [VI
927 2383 972 2463 4]
1003 2387 1127 2466 etquo-

108 2486 199 2551 niam
226 2489 294 2551 tres
324 2490 431 2552 rectae
458 2490 596 2572 pr'oport
581 2486 721 2552 tionales
750 2492 840 2573 sunt,
872 2487 933 2552 erit
961 2492 998 2553 ut
1023 2488 1128 2571 prima

116 2593 159 2658 ad
177 2593 322 2678 tertiam,
341 2593 389 2658 ita
403 2592 596 2678 quadratum
610 2593 734 2677 primae
750 2593 790 2657 ad
805 2593 999 2677 quadratum
1011 2594 1129 2657 tertiae

115 2697 160 2779 [V
184 2699 245 2766 dei.
269 2697 349 2784 9].1)
394 2701 504 2784 itaque
528 2695 973 2764 AB:BA=AB²:BZ².
1015 2719 1128 2763 econ-

191 2911 216 2976 1)
238 2908 386 2976 Miramur,
410 2925 459 2963 cur
482 2909 552 2963 haec
575 2907 700 2963 definitio
723 2906 861 2962 hocloco
884 2907 1013 2962 omnibus
1035 2907 1130 2962 uerbis

117 2978 233 3062 citetur,
242 2950 428 3062 praesertim
445 2979 535 3035 forma
557 2997 657 3050 parum
675 2977 821 3047 Euclides,
845 2994 908 3032 cum
930 2979 1025 3032 tamen
1048 2983 1131 3034 antea

118 3051 149 3106 in
167 3049 248 3106 hao'
240 3067 302 3120 rpsa
315 3050 507 3120 propositione
521 3051 607 3106 toties
620 3049 708 3106 tacite
723 3051 761 3104 sit
774 3020 915 3119 usdrpata.
942 3049 1037 3119 itaque
1051 3051 1130 3119 puto,

118 3122 206 3176 uerba
223 3120 274 3175 aod
293 3117 359 3176 ἐπεί
373 3122 422 3178 lin
441 3127 528 3177 21-
548 3119 681 3191 δευτέρας
700 3121 749 3176 lin.
768 3126 802 3175 23
823 3119 963 3175 subditiua
982 3137 1048 3175 esse.

114 3302 147 3353 N
163 3317 178 3355 e
198 3317 268 3355 corr.
286 3300 321 3356 V.
414 3306 455 3354 19.
476 3295 605 3372 iasll']1n
623 3318 674 3356 ras.
694 3319 731 3356 m.
752 3298 815 3356 1P.
906 3294 1030 3355 ἐστινΡ.

111 3371 232 3424 ΔΖΒΒ
239 3375 388 3440 ι,ΖΒΔᾳ
445 3376 488 3426 21.
508 3372 570 3442 BZ]
590 3372 688 3444 (prius)
707 3389 791 3440 supra
811 3388 862 3426 scr.
881 3369 1066 3427 BAm.1B.

111 3441 173 3511 ΒΖ]
194 3414 292 3499 ΖΒᾞΡ
366 3448 408 3497 ac.
428 3443 490 3513 za]
510 3446 606 3513 szq.
