2468 3952
370 184 644 237 mancusorum
661 185 771 236 amun
788 185 863 238 xm.
1062 182 1125 247 317

369 440 372 444 .
485 361 757 429 Corollarium.

198 485 285 552 Hinc
299 486 509 551 manifestum
524 491 582 571 est,
600 487 795 552 diametrum
810 487 965 571 sphaerae
979 465 1127 571 potentia

108 593 318 680 quintuplam
345 614 415 659 esse
442 591 527 657 radii
550 593 675 679 circuli,
702 593 737 658 in
761 615 824 678 quo
848 593 1048 660 icosaedrum
1072 594 1127 660 de-

109 700 274 784 scriptum
292 703 367 789 est„
383 703 416 765 st
443 699 637 766 diametrum
661 700 818 786 sphaerae
842 722 881 765 ex
904 700 1006 765 latere
1029 699 1127 765 hexa-

107 807 187 892 goni
214 809 253 884 et,
275 805 400 872 duobus
429 805 585 872 lateribus
614 806 771 892 decagoni
800 807 835 871 in
864 806 977 871 eodem
1004 806 1125 872 circulo

109 913 340 999 inscriptorum
371 911 586 996 compositam
615 914 701 979 esse.
723 950 764 960 —
793 912 878 998 quod
903 915 973 978 erat
996 911 1126 977 demon·
1224 904 1227 911 ’

108 1018 287 1084 strandum.

566 1159 672 1226 XVII.

177 1281 423 1348 Dodeeaedrnm
442 1288 628 1349 construere
648 1287 681 1349 et
695 1284 832 1368 sphaera
846 1284 1126 1369 comprehendere,

108 1391 195 1455 sicut
212 1390 344 1474 figuras,
363 1410 444 1473 quas
465 1411 563 1474 supra
581 1390 830 1474 nominauimus,
849 1394 882 1455 et
895 1391 1126 1474 demonstrare,

108 1497 197 1561 latus
235 1495 434 1581 dodeoagoni
471 1496 693 1562 irrationalem
725 1517 795 1560 esse
829 1501 1004 1580 apotomen
1043 1518 1126 1581 quae

110 1606 254 1667 uocatur.
361 1634 363 1641 ·
499 1679 501 1682 y

176 1714 380 1792 exponantur
413 1709 476 1774 duo
509 1710 609 1793 plana
641 1708 730 1793 cubi,
762 1730 857 1793 quem
884 1708 1143 1786 nominauimus

107 1815 215 1897 [prop.
237 1811 313 1894 XV]
341 1813 427 1878 inter
450 1835 484 1878 se
507 1813 786 1897 perpendicularia
808 1815 955 1897 ΑΒΓΔ,
981 1817 1125 1899 ΓΒΕΖ,

108 1923 142 1984 et
165 1919 295 2002 singula
318 1919 424 1985 latera
445 1923 526 2004 ΑΒ,
554 1921 625 2003 ΒΓ,
653 1921 728 2002 ΓΔ,
753 1925 838 2003 ΔΑ,
866 1923 942 2002 ΕΖ,
964 1924 1041 2004 ΕΒ,
1065 1923 1131 1985 ΖΓ

108 2015 147 2089 in
166 2024 264 2090 binas
285 2028 395 2111 partes
419 2027 570 2110 aequales
593 2026 780 2090 diuidentur
802 2026 836 2089 in
859 2027 989 2110 punctis
1012 2030 1061 2110 Η,
1084 2032 1125 2110 Θ,

107 2135 155 2215 K,
177 2136 221 2215 Λ,
249 2133 301 2216 Μ,
329 2136 378 2216 Ν,
405 2130 447 2216 Ξ,
474 2135 507 2195 et
529 2122 689 2196 ducantur
711 2135 797 2214 HK,
820 2135 898 2216 ΘΛ,
927 2136 1013 2216 ΜΘ,
1044 2133 1125 2217 ΝΞ,

107 2240 141 2303 et
164 2238 313 2324 singulae
336 2241 374 2302 N
377 2241 419 2323 O,
449 2237 523 2322 ΟΞ,
546 2241 618 2302 ΘΠ
637 2237 813 2302 secundum
836 2239 998 2304 rationem
1022 2245 1124 2305 extre-

59 2379 62 2384 ·
106 2365 195 2408 mam
210 2366 247 2410 ao
261 2345 401 2410 mediam
415 2344 448 2408 in
463 2344 592 2427 punctis
608 2346 643 2427 P,
657 2349 701 2428 Σ,
719 2348 750 2409 Τ
764 2347 920 2429 secentur,
939 2349 972 2410 et
986 2347 1125 2412 maiores

107 2471 220 2515 earum
242 2455 351 2533 partes
377 2450 443 2514 sint
460 2453 536 2534 ΡΟ,
560 2453 638 2534 ΟΣ,
666 2454 743 2530 ΤΠ,
767 2454 801 2514 et
822 2451 857 2515 in
875 2453 1001 2535 punctis
1020 2457 1056 2537 P,
1079 2458 1125 2535 Σ,

112 2559 144 2620 Τ
162 2556 203 2621 ad
225 2555 324 2642 plana
347 2556 421 2623 cubi
444 2556 725 2642 perpendiculares
752 2557 787 2621 in
815 2562 925 2642 partes
949 2559 1125 2624 exteriores

107 2662 182 2729 cubi
205 2662 374 2748 erigantur
396 2666 470 2747 Pr,
494 2666 578 2746 ΣΦ,
606 2666 679 2746 ΤΧ,
703 2666 736 2726 et
758 2668 899 2746 ponatur
917 2669 1036 2728 Pr=
1051 2668 1125 2749 ΡΟ,

107 2772 179 2833 ΣΦ
194 2799 236 2822 =
253 2772 333 2853 ΟΣ,
364 2771 430 2833 ΤΧ
441 2798 483 2821 ---
502 2771 582 2851 ΤΠ,
610 2772 644 2832 et
666 2767 825 2832 ducantur
852 2772 924 2852 ΓΒ,
952 2772 1030 2853 ΒΧ,
1053 2773 1125 2852 ΧΓ,

108 2876 187 2959 ΓΦ,
205 2879 278 2942 ΦΓ.
308 2875 391 2960 dico,
408 2878 629 2960 pentagonum
652 2876 822 2938 ΥΒΧΓΦ
840 2877 872 2938 et
891 2874 1126 2957 aequilaterum

107 3002 180 3046 esse
194 2985 226 3046 et
240 2981 274 3046 in
289 3004 354 3048 uno
369 2982 466 3064 plano
481 2982 624 3065 positum
640 2984 673 3045 et
686 2983 854 3064 praeterea
864 2980 1125 3066 aequiangulum.

106 3176 224 3228 σθωσαν
253 3169 413 3229 alnov.
524 3174 661 3245 18.ΘΠ]
691 3175 906 3227 Uscanam.
930 3174 1038 3241 rcc.P;
1068 3176 1128 3229 ΘΠ

106 3239 224 3299 εὐθεῖαι
241 3243 274 3298 V.
366 3250 409 3299 21.
429 3241 536 3369 “Q
552 3241 658 3299 κύκλου
677 3262 767 3314 comp.
786 3244 814 3299 b.
913 3249 956 3300 22.
976 3241 1077 3320 κύβου]
1096 3246 1126 3300 in

105 3333 161 3371 ras.
181 3316 214 3371 V.
288 3317 354 3385 PT]
381 3319 491 3374 Peras.
538 3360 544 3372 .
617 3321 660 3370 23.
681 3314 876 3370 ἐκκείσθωσαν
894 3314 924 3371 P.
997 3322 1040 3371 24.
1059 3321 1125 3383 ΒΧ,

105 3386 577 3457 XP]X‚XPinras.m.2V.
650 3387 1053 3459 Pm]mg.m.2V,PXB.

108 3456 264 3583 ΤΒΧΓἙ]
272 3474 335 3584 pro
354 3461 413 3512 ΧΓ
428 3456 458 3511 in
473 3477 491 3528 q
509 3461 540 3512 X
554 3475 623 3514 corr.
643 3474 677 3514 ex
693 3463 719 3512 Γ
735 3476 771 3512 m.
789 3464 816 3521 1.
875 3464 917 3513 25.
939 3453 1077 3534 ἐπιπέδῳ]
1096 3460 1126 3515 in

106 3544 216 3582 raam.
299 3570 305 3583 .
