2468 3952
123 192 168 256 40
499 193 701 246 ΣΤΟΙΧΕΙΩΝ
719 188 771 247 ια’.

609 359 662 400 ιε.

190 437 278 507 Ἐἁν
303 441 376 509 δύο
401 439 558 508 εὐθεῖαι
582 437 805 525 ἁπτόμεναι
832 436 1013 527 ἀλλήλων
1036 440 1145 526 παρὰ

125 545 198 613 δύο
223 544 386 627 εὐθείας
409 543 633 632 ἁπτομένας
655 544 838 631 ἀλλήλων
857 538 929 614 ὐσι
952 546 1001 632 μὴ
1027 550 1070 616 ἐν
1094 551 1145 639 τῷ

126 651 230 744 αὐτῷ
265 654 435 745 ἐπιπέδῳ
470 644 601 737 οὖσαι,
633 650 866 738 παράλληλοί
900 655 982 720 ἐστι
1015 643 1060 720 τὰ
1092 651 1144 721 δι’

92 755 258 827 σαύτῶν
283 762 456 827 ἐπίπεδα.

195 865 270 932 Λύο
294 864 359 953 γὰρ
383 863 513 933 εὐθεῖαι
537 862 719 952 ἁπτόμεναι
744 863 897 951 ἀλλήλων
921 869 959 932 αί
975 873 1060 950 ΑΒ,
1083 871 1153 933 ΒΓ

128 971 216 1056 παρὰ
247 971 310 1039 δύο
339 973 474 1051 εὐθείας
496 969 684 1057 ἁπτομένας
712 969 863 1057 ἀλλήλων
886 970 946 1050 τὰς
970 980 1053 1056 ΛΕ,
1082 979 1146 1040 ΕΖ

128 1082 278 1146 ἔστωσαν
302 1076 346 1164 μὴ
367 1080 403 1146 ἐν
426 1082 472 1168 τῳ
492 1076 582 1170 αὐτῷ
603 1078 745 1169 ἐπιπέδῳ
770 1070 883 1146 οὖσαι·
907 1079 1004 1164 λέγω,
1024 1075 1075 1145 ὅτι
1096 1081 1144 1145 ἐκ·

128 1182 318 1268 βαλλόμενα
345 1181 385 1250 τὰ
415 1187 471 1250 διὰ
499 1187 569 1251 τῶν
591 1191 671 1268 ΑΒ,
699 1189 777 1268 ΒΓ,
808 1190 890 1268 ΔΕ,
919 1191 983 1251 ΕΖ
1007 1186 1145 1250 ἐπίπεδα

80 1305 112 1354 10
132 1288 174 1357 οὐ
198 1302 411 1374 συμπεσεῖται
434 1287 600 1376 ἀλλήλοις.

186 1395 307 1482 Ἤχθω
340 1395 405 1480 μὰρ
438 1393 504 1463 ὐπὸ
532 1399 593 1462 τοῦ
620 1403 648 1463 Β
679 1402 818 1482 σημείου
846 1395 898 1464 ἐπὶ
924 1393 962 1463 τὸ
993 1393 1050 1462 διὰ
1077 1407 1147 1464 τῶν

132 1509 164 1567 Δ
171 1509 214 1585 Ε,
242 1507 305 1568 ΕΖ
338 1502 495 1568 ἐπίπεδον
526 1501 669 1580 κάθετος
702 1499 722 1587 ἡ
751 1508 824 1568 ΒΗ
845 1501 901 1568 καὶ
931 1504 1147 1587 συμβαλλέτω

128 1613 174 1698 τῳ
204 1609 346 1698 ἐπιπέδῳ
379 1605 462 1674 κατὰ
489 1605 527 1674 τὸ
550 1614 591 1675 Η
613 1621 763 1693 σημείου,
795 1608 850 1675 καί
881 1607 938 1675 διὰ
963 1620 1025 1676 τοῦ
1048 1616 1088 1676 Η
1107 1619 1147 1697 τῇ

130 1713 192 1801 μὲν
219 1721 286 1781 ΕΔ
310 1713 521 1802 παράλληλος
542 1713 639 1801 ἤχθω
662 1711 683 1800 ἡ
706 1720 791 1798 ΗΘ,
814 1725 854 1802 τῇ
879 1713 916 1781 δὲ
939 1721 1002 1782 ΕΖ
1024 1712 1045 1800 ἡ
1064 1722 1148 1784 ΗΚ.

79 1835 111 1882 15
130 1821 186 1888 καὶ
211 1820 280 1888 ἐπεὶ
303 1817 324 1907 ἡ
344 1827 416 1888 ΒΗ
437 1818 525 1908 ὀρθή
550 1823 618 1888 ἐστι
641 1818 724 1906 πρὸς
745 1819 784 1888 τὸ
810 1819 865 1887 διὰ
889 1831 956 1888 τῶν
977 1828 1059 1906 ΔΕ,
1083 1829 1148 1889 ΕΖ

132 1929 305 2012 ἐπίπεδον,
333 1928 389 1994 καί
416 1925 500 2015 πρὸς
526 1927 635 2006 πὰσας
662 1927 728 2014 ἄρα
754 1923 812 2004 τὰς
834 1923 1020 2011 ἁπτομένας
1044 1924 1148 2013 αὐτῆς

131 2031 268 2113 εὐθείας
295 2034 350 2100 καὶ
374 2031 477 2112 οὐσας
500 2035 537 2101 ἐν
564 2038 609 2124 τῷ
634 2031 691 2100 διὰ
714 2035 782 2100 τῶν
806 2038 891 2115 ΛΕ,
915 2038 978 2098 ΕΖ
1002 2034 1147 2123 ἐπιπέδῳ

133 2138 241 2223 ὀρθὰς
275 2139 406 2225 ποιήσει
442 2145 576 2225 γωνίας.
630 2136 765 2206 ἁπτεται
802 2136 839 2204 δὲ
872 2135 975 2224 αὐτῆς
1007 2139 1146 2227 ἑκατέρα

132 2249 199 2312 τῶν
213 2250 299 2329 ΗΘ,
313 2251 388 2311 ΗΚ
410 2237 496 2312 οὐσα
520 2246 556 2311 ἐν
578 2248 624 2334 τῳ
649 2243 705 2310 διὰ
729 2253 797 2311 τῶν
814 2251 895 2328 ΔΕ,
913 2250 975 2309 ΕΖ
994 2246 1149 2335 ἐπιπέδῳ·

79 2364 113 2414 20
134 2348 222 2438 ὀρθὴ
252 2349 317 2437 ἁμα
346 2348 436 2417 ἐστὶν
465 2351 602 2435 ἑκατέρα
630 2353 697 2416 τῶν
724 2345 790 2416 ὑπὸ
813 2356 932 2435 ΒΗΘ,
956 2356 1063 2417 ΒΗΚ
1084 2377 1149 2437 μω-

132 2462 226 2525 νιων.
272 2457 328 2523 καὶ
356 2456 424 2523 ἐπεὶ
453 2454 665 2543 παράλληλός
688 2457 778 2523 ἐστιν
800 2452 821 2540 ἡ
845 2461 911 2522 BA
933 2465 972 2545 τῇ
996 2462 1080 2542 ΗΘ,
1109 2461 1149 2524 αί

132 2561 198 2650 ἁμα
220 2561 286 2630 ὑπὸ
299 2568 421 2647 ΗΒΑ,
435 2568 540 2629 ΒΗΘ
563 2567 683 2647 γωνίαι
702 2561 802 2630 δυσίν
822 2559 944 2649 ὀρθαῖς
963 2569 1033 2629 ίσαι
1052 2567 1149 2630 είσίν.

133 2665 222 2754 ὀρθὴ
254 2668 291 2735 δὲ
318 2665 339 2755 ἡ
368 2665 433 2736 ὐπὸ
457 2674 572 2735 ΒΗΘ·
601 2666 689 2754 ὀρθὴ
718 2667 784 2755 ἄρα
806 2667 863 2735 καὶ
889 2666 910 2755 ἡ
939 2665 1004 2737 ὐπὸ
1027 2676 1150 2736 ΗΒΑ·

133 2772 154 2860 ἡ
178 2780 218 2841 Η
221 2781 249 2841 Β
272 2773 339 2862 ἁμα
360 2784 400 2863 τῇ
424 2781 491 2842 ΒΑ
513 2771 597 2862 πρὸς
624 2772 734 2862 ὀρθάς
762 2777 861 2843 ἐστιν.
908 2773 966 2841 διὰ
993 2773 1033 2841 τὰ
1063 2774 1151 2843 αὐτὰ

80 2894 114 2943 25
134 2878 175 2966 δὴ
209 2877 229 2966 ἡ
259 2886 329 2948 ΗΒ
361 2881 417 2948 καί
449 2885 489 2970 τῇ
517 2887 581 2948 ΒΓ
604 2884 672 2948 ἐστι
698 2904 783 2967 προς
815 2879 932 2968 ὀρθάς.
982 2880 1051 2948 ἐπεὶ
1085 2874 1151 2949 οὐν

134 2984 251 3054 εὐθεῖα
279 2984 300 3074 ἡ
323 2993 391 3054 ΗΒ
420 2986 519 3055 δυσὶν
548 2983 696 3067 εὐθείαις
722 3000 793 3066 ταῖς
816 2993 898 3071 BA,
922 2992 990 3054 BF
1010 2989 1151 3073 τεμνού-

205 3171 230 3218 3.
242 3167 315 3219 Ante
326 3155 582 3229 Amas.3litt.v3
597 3156 665 3237 ᾦσιν
675 3163 706 3218 B.
762 3158 912 3220 4.ἐστινΡ.
965 3163 1067 3235 6.ΒΓ]
1079 3181 1150 3219 corr.

135 3251 169 3288 ex
184 3239 235 3288 ΓΒ
249 3234 288 3301 V;
304 3240 356 3289 ΓΒ
370 3234 402 3291 B.
468 3240 509 3290 10.
525 3253 591 3304 ουμ-
605 3235 635 3288 in
649 3253 702 3289 ras.
717 3235 752 3289 V.
814 3236 1024 3303 συμπεσοῦνται
1036 3236 1064 3301 b,
1080 3252 1150 3290 corr.

134 3322 170 3359 m.
188 3311 210 3359 1.
268 3310 309 3359 11.
331 3306 488 3377 B]ecorr.
507 3323 543 3359 m.
564 3307 620 3360 lb.
677 3312 719 3360 13.
738 3305 789 3360 τοῦ
809 3305 849 3374 H]
868 3306 918 3360 τοῦ
939 3308 1103 3375 Ησημείυυ
1122 3308 1149 3372 b,

134 3376 251 3444 σημείου
270 3376 333 3432 αδδ
353 3395 390 3431 m.
411 3383 426 3431 2
445 3375 476 3432 F.
546 3382 588 3433 15.
610 3373 685 3430 ἐστιν
704 3376 766 3442 PV,
785 3392 874 3444 comp.
894 3377 925 3430 F.
991 3383 1025 3431 16
1048 3371 1136 3445 αὐτῆς

135 3462 188 3500 om.
208 3465 238 3514 φ.
299 3453 341 3501 17.
361 3444 410 3502 διὰ
428 3447 496 3517 τῶν]
516 3463 571 3502 om.
590 3447 620 3500 P.
685 3453 726 3502 19.
745 3447 801 3500 τῶν
821 3449 932 3501 ΗΘ-
952 3453 994 3503 20.
1015 3443 1135 3518 ἑκατέρα

133 3534 190 3585 mg.
210 3534 245 3571 m.
267 3525 281 3570 1
300 3517 335 3573 V.
408 3524 451 3573 20.
471 3514 559 3590 ἐστίν]
581 3535 636 3573 om.
655 3517 689 3574 V.
762 3518 862 3587 ΒΗΘ]
884 3518 955 3572 Ain
973 3535 1027 3574 ras,
1047 3517 1080 3574 V.
