2468 3952
167 171 211 236 82
539 171 739 224 mommsen
758 166 811 224 ια’.

166 311 251 400 αὐτῇ
277 320 399 404 σημείῳ
423 315 468 404 τῷ
488 320 521 378 Α
543 317 582 401 τῇ
607 317 747 400 δοθείσῃ
772 315 888 400 στερεᾷ
910 317 1018 402 γωνίᾳ
1039 315 1079 400 τῇ
1098 308 1184 398 πρὸς

74 448 77 453 ’
165 424 212 510 τῷ
238 428 271 487 Δ
295 428 350 506 ίση
375 421 584 486 συνέσταται’
608 418 697 505 ὅπερ·
714 421 948 502 έδειποιῆσαι.

642 593 705 674 κζ’.

230 718 316 788 Ἀπό
342 724 410 806 τῆς
433 723 622 805 δοθείσης
645 714 809 797 εὐθείας
831 720 880 810 τῷ
906 720 1073 786 δοθέντι
1097 738 1180 786 στε-

127 830 240 933 σρεῷ
273 821 708 915 παραλληλεπιπέδῳ”
689 822 830 911 ομοιόν
862 849 901 891 τε
932 821 1045 891 καὶ
1031 831 1180 952 ομρίως

164 938 351 1019 κείμενον
407 928 577 1017 στερεὸν
631 934 1034 1016 παραλληλεπίπεδον
1085 927 1179 999 ἄνα·

164 1037 323 1125 νοάναι

221 1140 375 1211 ’'Eovm‘
358 1170 380 1229 η
404 1143 464 1229 μὲν
488 1147 630 1210 δοθεῖσα
655 1139 812 1210 εὐθεία’
794 1169 815 1227 η
839 1149 920 1227 ΑΒ,
948 1141 986 1210 τὸ
1011 1143 1049 1210 δὲ
1072 1141 1179 1209 δοθέν

165 1271 301 1336 στερεον
333 1252 664 1336 παραλληλεπίπεδον
695 1247 732 1316 τὸ
762 1255 842 1316 ΓΑ·
875 1252 929 1316 δεί
958 1249 1000 1335 δὴ
1028 1246 1094 1316 άπὸ
1122 1251 1180 1334 τῆς

113 1375 146 1424 10
166 1361 325 1442 δοθείσης
348 1355 484 1435 εὐθείας
506 1359 564 1442 τῆς
586 1362 653 1422 ΑΒ
675 1359 721 1448 τῷ
746 1355 883 1423 δοθέντι
910 1358 1031 1446 στερεῷ
1055 1361 1178 1442 παραλ-

165 1463 370 1552 ληλεπιπέδῳ
399 1464 446 1553 τῷ
475 1468 545 1529 ΓΛ
572 1460 691 1550 ὅμοιόν
727 1487 762 1528 τε
789 1463 853 1528 καὶ·
874 1459 998 1548 ὁμοίως
1024 1467 1179 1547 κείμενον

165 1565 300 1656 στερεὸν
324 1572 654 1655 παραλληλεπίπεδον
673 1565 875 1654 ἀναγράψαι.

233 1675 432 1742 Συνεστάτω
455 1673 519 1761 γάρ
543 1672 626 1761 πρὸς
647 1678 688 1763 τῇ
711 1681 744 1740 Α
749 1681 777 1740 Β
806 1672 923 1764 εὐθείᾳ
951 1672 1005 1740 καί
1029 1677 1073 1764 τῷ
1097 1671 1181 1759 πρὸς

165 1779 248 1869 αὐτῇ
277 1787 401 1872 σημείῳ
428 1782 474 1872 τῷ
500 1788 532 1846 Α
558 1784 598 1869 τῇ
626 1779 709 1867 πρὸς
731 1784 777 1871 τῷ
801 1784 834 1847 Γ
851 1783 968 1868 στερεᾷ
992 1785 1100 1870 γωνίᾳ
1123 1788 1179 1864 ίση

113 1885 185 1974 1σὴ
214 1887 429 1974 περιεχομένη
457 1883 523 1954 ὑπὸ
552 1897 620 1954 τεόν
648 1892 763 1971 ΒΑΘ,
796 1893 914 1971 ΘΑΚ,
942 1893 1063 1972 ΚΑΒ,
1096 1885 1181 1953 ὥστε

166 2001 243 2079 ίσην
266 1991 437 2082 εἶναιτὴν
460 1991 522 2079 μέν
545 1990 610 2060 ὑπὸ
633 2000 734 2060 ΒΑΘ
756 1997 884 2078 γωνίαν
906 1997 946 2081 τῇ
976 1991 1044 2060 ὐπό
1068 1998 1180 2075 ΕΓΖ,

165 2097 226 2184 την
254 2099 292 2167 δὲ
318 2097 383 2166 ὑπὸ
409 2105 515 2166 ΒΑΚ
538 2110 578 2189 τῇ
606 2098 672 2167 υπὸ
696 2104 813 2185 ΕΓΗ,
842 2097 903 2185 την
927 2099 964 2166 δὲ
987 2097 1052 2167 ὑπὸ
1077 2104 1180 2164 ΚΑΘ

165 2209 204 2291 τῇ
228 2201 292 2272 ὐπὸ
317 2210 430 2275 ΗΓΖ·
457 2206 513 2271 καὶ
540 2205 705 2290 γεγονέτω
728 2202 774 2285 ὡς
796 2204 857 2292 μέν
881 2203 902 2292 ἡ
928 2211 994 2293 ΕΓ
1012 2205 1093 2291 πρὸς
1117 2201 1178 2288 τὴν

165 2315 248 2395 ΓΗ,
272 2306 378 2388 οὕτως
400 2307 421 2394 ἡ
444 2317 510 2376 ΒΑ
532 2313 616 2396 πρὸς
638 2308 700 2396 τὴν
724 2317 808 2395 ΑΚ,
833 2308 877 2391 ὡς
901 2309 939 2379 δέ
961 2309 982 2397 ἡ
1006 2317 1078 2378 ΗΓ
1096 2311 1180 2398 πρὸς

112 2433 146 2483 20
165 2414 226 2499 τὴν
250 2421 327 2500 ΓΖ,
355 2415 461 2496 οὕτως
489 2413 509 2503 ἡ
534 2423 604 2483 ΚΑ
631 2415 715 2504 πρὸς
741 2415 805 2504 τὴν
826 2424 900 2485 ΑΘ.
945 2420 1001 2486 καὶ
1032 2415 1076 2485 δι’
1103 2425 1179 2484 ίσου

166 2519 232 2606 άρα
256 2522 345 2588 ἐστὶν
370 2519 416 2601 ὡς
438 2519 458 2607 ἡ
478 2530 546 2590 ΕΓ
563 2522 646 2612 πρὸς
668 2522 730 2610 τὴν
745 2529 820 2609 ΓΖ,
845 2520 950 2603 οὕτως
974 2521 1077 2610 ἡΒΑ
1095 2520 1179 2610 πρὸς

165 2625 227 2712 τὴν
259 2636 291 2693 Α
298 2634 334 2695 Θ.
383 2629 439 2695 καὶ
472 2630 772 2719 συμπεπληρώσθω
804 2629 842 2697 τδ
876 2636 937 2698 ΘΒ
970 2628 1177 2716 παραλληλό-

166 2759 320 2820 γραμμον
342 2734 398 2800 καὶ
421 2732 458 2801 τὸ
483 2742 552 2801 ΑΛ
576 2737 721 2825 στερεόν.

233 2840 396 2920 Καὶέπεί
417 2843 507 2908 ἐστιν
531 2839 577 2922 ὡς
599 2839 619 2929 ἡ
643 2849 711 2910 ΒΓ
728 2841 811 2928 πρὸς
833 2841 896 2929 τὴν
920 2848 1004 2928 ΓΗ,
1028 2841 1134 2922 οὕτως
1156 2839 1178 2928 ἡ

113 2964 146 3014 25
166 2953 232 3013 BA
264 2943 347 3032 πρὸς
373 2943 435 3033 τὴν
463 2954 546 3032 ΑΚ,
578 2949 634 3015 καὶ
666 2948 740 3036 περὶ
769 2957 843 3028 ίσας
871 2956 996 3036 γωνίας
1027 2948 1086 3029 τὰς
1112 2946 1179 3016 ὑπὸ

166 3058 282 3139 ΕΓΗ,
306 3059 411 3120 ΒΑΚ
432 3044 470 3119 αί
489 3054 629 3141 πλευραὶ
652 3051 823 3141 άνάλογόν
847 3059 944 3142 εἰσιν,
969 3053 1088 3142 ὅμοιον
1111 3051 1178 3140 άρα

167 3161 235 3226 ἐστὶ
267 3157 304 3226 τὸ
334 3166 406 3227 ΗΕ
434 3157 783 3248 παραλληλόγραμμον
810 3165 854 3252 τῷ
879 3168 945 3228 ΚΒ
973 3166 1178 3247 παραλληλο-

237 3358 262 3406 2.
278 3355 408 3407 συνίστατ
393 3373 448 3420 ται,
467 3352 527 3407 ίίιι
540 3370 603 3423 τοι,
617 3355 655 3420 V;
675 3354 833 3410 συνεστάτω
812 3376 879 3424 ω.φ
933 3356 1062 3427 ποιῆσαι]
1079 3355 1181 3423 δεῖξαι,

166 3440 221 3492 mg.
241 3443 282 3492 γρ.
302 3424 426 3492 ποιῆσαι,
445 3442 481 3478 m.
502 3426 593 3480 1Vb.
676 3431 701 3480 3.
720 3423 778 3497 κζ’]
798 3445 833 3483 m.
852 3443 907 3482 rec.
927 3425 956 3481 F.
1031 3433 1055 3482 ὃ.
1074 3429 1180 3496 παραλ-

167 3496 317 3562 ληλωεπιπ.
341 3510 409 3548 corr.
432 3495 462 3549 in
485 3499 722 3566 παραλληλοετιιπ.
742 3498 772 3563 b,
799 3496 847 3566 qui
865 3497 940 3552 hano
957 3497 1076 3553 formam
1095 3498 1144 3552 lin.
1160 3503 1176 3551 6

72 3584 138 3712 ἱ
