2468 3952
141 193 207 257 130
514 197 715 249 ΣΤΟΙΧΕΙΩΝ
734 192 785 249 ια’.

615 353 679 440 λη’.

151 482 155 489 ’
205 475 295 546 Ἐἀν
331 476 457 564 κύβον
493 489 570 545 τῶν
606 476 850 547 ἀπεναντίον
887 480 1086 547 ἐπιπέδων
1119 483 1165 547 αί

139 584 307 674 πλευραί
326 587 415 670 δίχα
432 588 660 670 τμηθῶσιν,
681 583 745 651 διὰ
767 584 808 652 δὲ
826 589 903 652 τῶν
921 589 1056 672 τομῶν
1076 589 1160 654 ἐπί-

139 695 237 758 πεδα
275 692 466 778 ἐκβληθῇ,
503 689 524 776 ή
562 689 677 775 κοινή
714 689 811 777 τομή
848 694 926 759 τῶν
958 692 1159 762 ἐπιπέδων

105 797 205 864 ὁκαὶ
242 795 262 884 ή
299 800 369 864 τοῦ
401 796 528 882 κύβον
566 797 776 883 διάμετρος
813 801 902 884 δίχα
939 799 1159 884 τέμνουσιν

140 901 320 990 ἀλλήλας

207 1010 328 1095 Κύβον
358 1007 422 1095 γὰρ
459 1019 520 1076 τοῦ
554 1016 618 1075 ΑΖ
649 1020 718 1076 τῶν
755 1007 957 1078 ἀπεναντίον
991 1011 1160 1079 ἐπιπέδων

139 1121 207 1184 τῶν
231 1122 307 1202 ΓΖ,
331 1122 396 1182 ΑΟ
419 1117 457 1181 αί
476 1114 617 1202 πλευραί
646 1119 722 1201 δίχα
745 1115 987 1202 τετμήσθωσαν
1011 1117 1094 1183 κατὰ
1117 1114 1160 1183 τὰ

140 1229 187 1306 K,
211 1229 259 1306 A,
284 1228 337 1306 Μ,
361 1227 410 1306 Ν,
456 1222 499 1306 Ξ,
529 1227 577 1304 Π,
603 1225 646 1305 Ο,
670 1228 848 1307 Βσημελα,
873 1219 929 1288 διδ
954 1221 992 1290 δὲ
1014 1233 1083 1290 τῶν
1106 1247 1160 1290 το-

88 1347 121 1396 10
140 1337 213 1414 μῶν
234 1329 371 1394 ἐπίπεδα
389 1324 606 1412 ἐκβεβλήσθω
625 1325 666 1393 τδι
686 1334 774 1413 ΚΝ,
797 1331 871 1412 ΞΡ,
894 1327 990 1415 κοινή
1016 1328 1054 1396 δὲ
1072 1327 1155 1415 τομδ

138 1437 207 1501 τῶν
231 1433 396 1500 ἐπιπέδων
420 1437 503 1500 ἔστω
528 1430 548 1519 ἡ
577 1440 655 1517 ΥΣ,
678 1437 739 1501 τοῦ
763 1433 801 1501 δὲ
819 1441 885 1500 ΑΖ
903 1433 1013 1520 κύβον
1036 1433 1160 1520 διαγώ-

139 1565 212 1619 νιος
234 1537 255 1624 ή
282 1546 361 1607 ΔΗ.
406 1539 503 1624 λέγω,
527 1535 579 1606 ὅτι
603 1547 657 1625 ίση
682 1537 813 1626 ἐστλνή
838 1540 899 1626 μὲν
925 1548 991 1608 ΥΤ
1008 1545 1048 1628 τή
1077 1549 1160 1629 ΤΣ,

139 1644 222 1732 ήδδ
245 1653 317 1713 ΔΤ
334 1649 374 1734 τή
402 1651 475 1712 ΤΗ.

204 1750 476 1840 Ἐπεζεύχθωσαν
502 1748 567 1839 γὰρ
591 1754 629 1817 αλ
650 1759 683 1817 Δ
692 1761 730 1834 Υ,
763 1760 838 1839 ΥΕ,
865 1761 948 1839 ΒΣ,
975 1761 1055 1823 ΣΗ.
1101 1756 1160 1823 καὶ

87 1875 119 1924 15
139 1858 208 1926 ἐπεὶ
230 1855 443 1945 παράλληλός
466 1858 557 1923 ἐστιν
579 1854 600 1943 ή
622 1859 690 1934 ΔΞ
709 1868 748 1946 τῇ
769 1865 847 1944 ΟΕ,
871 1862 908 1926 αλ
930 1860 1070 1941 ἐναλλὰξ
1093 1889 1173 1949 γωι

138 1971 209 2033 νίαι
238 1967 275 2031 αί
300 1961 366 2032 ὑπὸ
396 1965 510 2049 ΔΞΥ,
547 1971 649 2033 ΥΟΕ
674 1972 744 2032 ίσαι
773 1963 933 2052 ἀλλήλαις
956 1971 1050 2035 είσίν.
1100 1969 1160 2036 καί

139 2071 209 2139 ἐπεὶ
233 2079 287 2157 ίση
312 2070 403 2138 ἐστίν
430 2069 451 2156 ή
475 2069 537 2156 μὲν
560 2072 631 2148 ΔΞ
651 2075 690 2159 τή
715 2078 794 2157 ΟΕ,
822 2070 842 2158 ή
872 2072 909 2141 δέ
931 2075 998 2149 ΞΥ
1015 2077 1055 2162 τή
1082 2075 1161 2159 ΥΟ,

138 2177 193 2243 καί
225 2183 348 2263 γωνίας
380 2185 454 2258 ίσας
486 2177 709 2264 περιέχουσιν,
741 2175 839 2263 βάσις
870 2176 936 2266 ἀρα
969 2176 989 2264 ή
1019 2187 1052 2246 Δ
1060 2187 1090 2247 Υ
1115 2191 1157 2269 τῇ

142 2289 204 2348 ΥΕ
226 2284 315 2349 ἐστιν
340 2291 411 2368 ίση,
438 2282 494 2349 καί
521 2281 560 2351 τδ
585 2285 689 2358 ΔΞΥ
707 2288 875 2371 τρίγωνον
897 2288 942 2376 τῷ
969 2291 1067 2352 ΟΥΕ
1089 2311 1157 2372 τρι-

86 2405 120 2455 20
139 2387 237 2478 γώνω
267 2388 357 2455 ἐστὶν
386 2397 462 2456 ίσον
489 2390 545 2456 καί
574 2391 612 2455 αί
636 2390 750 2456 λοιπαὶ
777 2395 897 2476 γωνίαι
925 2405 998 2471 ταῖς
1025 2399 1160 2475 λοιπαῖς

138 2498 277 2577 γωνίαις
309 2501 391 2560 ίσαι·
424 2502 479 2580 ίση
511 2493 577 2581 ἄρα
609 2493 630 2582 ή
663 2493 723 2564 δπέ
757 2499 857 2573 ΞΥΔ
884 2503 992 2584 γωνία
1020 2503 1060 2588 τή
1088 2496 1158 2568 ὑπὸ

141 2601 238 2666 ΟΥΕ
267 2605 383 2689 γωνία.
429 2599 485 2668 διά
519 2599 561 2687 δή
593 2613 693 2670 τοῦτο
729 2600 845 2670 εὐθεῖοί
877 2605 967 2670 ἐστιν
994 2601 1015 2690 ή
1044 2613 1185 2685 ΔΥΕ.Ι

140 2702 195 2771 διά
218 2703 259 2771 τὰ
283 2703 367 2772 αὐτὰ
391 2703 433 2792 δή
456 2707 512 2774 καί
535 2706 555 2793 ἡ
580 2714 691 2775 ΒΣΗ
709 2706 827 2776 εὐθεῖἀ
851 2711 952 2793 ἐστιν,
975 2711 1030 2777 καί
1055 2719 1110 2798 ίση
1135 2709 1159 2799 ή

212 2889 236 2939 1.
256 2879 305 2938 λθ’
326 2883 406 2939 οοδδ.
461 2889 486 2939 2.
501 2881 604 2959 κύβον]
624 2887 739 2973 στερεοῦ
759 2885 1044 2956 παραλληλεπιπέδου
1059 2889 1161 2948 Theon

139 2954 250 3024 (ΒΕΕ).
314 2949 500 3099 ἀπεναντίον]
521 2973 589 3011 corr.
598 2975 644 3082 με
662 2954 842 3012 ἀπεναντίον
861 2976 897 3012 m.
919 2964 933 3012 1
954 2959 984 3014 P.
1049 2965 1075 3015 3.
1089 2979 1159 3044 τμη-

138 3026 211 3081 θῶσι
231 3025 293 3081 FV.
357 3021 415 3080 4.’
402 3047 435 3081 εκ
438 3022 630 3150 βληθῇήὲω
613 3027 826 3171 αληθείηΕ.β
873 3034 896 3082 5.
908 3025 1019 3115 κύβον]
1040 3030 1158 3117 στερεοῦ

138 3095 421 3187 παραλληλεπιπέδου
441 3028 667 3165 Τδο6111δ1Ε.
727 3098 826 3171 anffl
827 3119 860 3152 ov
880 3096 947 3171 γάρ]
967 3101 1083 3169 στερεοῦ
1102 3097 1157 3172 γὰρ

138 3166 420 3238 παραλληλεπιπέδου
440 3169 538 3224 Theon
557 3169 665 3240 (BFV).
722 3176 763 3226 10
783 3171 846 3224 ΚΝ
850 3171 862 3241 ]
881 3187 934 3225 τοο.
954 3172 1045 3226 2litt.
1065 3172 1098 3227 V.

63 3258 72 3277 ·
138 3239 256 3309 ΞΡ]
229 3259 253 3297 ,α
273 3256 288 3293 ο
308 3257 377 3294 corr.
397 3240 432 3308 P,
456 3255 526 3296 eras.
545 3239 579 3295 V.
665 3241 721 3294 τῶν
739 3236 885 3295 ἐπιπέδων
904 3238 974 3310 τομή
996 3241 1082 3298 BFV.
1144 3294 1148 3303 ,

102 3376 107 3381 .
138 3313 181 3364 11.
201 3282 454 3436 αύβουήστερεοῦ
459 3309 989 3450 παραλληλὲεπιπέδονεΤλεοήμΡίβΕῶΞ).
1013 3309 1155 3438 ΔΕΙλὲίή]

471 3401 481 3434 ι

137 3445 288 3535 τέμνουσιν
307 3375 633 3521 &umasfssgvvffiw
617 3377 854 3524 δτάτδέιολ(ὴεος.
873 3389 910 3509 έο.
929 3470 983 3511 rec.
1004 3454 1034 3512 Ε.
1109 3405 1158 3524 ίδα

137 3512 226 3590 ἐστίν]
245 3539 300 3578 om.
319 3521 408 3576 BVV.
492 3526 548 3577 ΤΣ
564 3525 610 3593 ίση
629 3520 705 3580 ἐστίν
723 3524 812 3579 BFV.
901 3531 942 3580 13.
961 3527 1033 3597 ΔΤ]
1056 3525 1156 3581 ΤΔΡ.

63 3574 166 3712 Κ

139 3375 207 3433 ἔστω
231 3401 249 3448 η
268 3380 290 3433 Ε
