2468 3952
132 201 174 265 38
504 200 706 254 ΣΤΟΙΧΒΙΩΝ
724 196 776 257 ια’.

131 342 194 412 δύο
219 341 348 411 εὐθεῖαι
371 341 454 430 πρὸς
477 339 586 431 ὀρθὰς
607 340 902 430 ἀνασταθήσονται
926 342 978 410 ἐπὶ
1001 341 1043 410 τὰ
1062 341 1148 410 αὐτὰ

131 449 230 538 μέρη·
255 447 336 537 ὅπερ
360 452 426 516 ἔθει
450 449 564 529 δεῖξαι.

612 628 668 695 ιδ’.

199 751 302 837 Πρὸς
329 745 350 816 ἃ
374 752 538 818 έπίπεθα
560 747 581 835 ή
607 747 703 836 αὐτή
727 749 871 818 εὐθεῖα
894 747 1000 836 ὀρθή
1025 751 1149 831 ἐστιν,

97 855 363 944 σπαράλλήλα
386 861 499 923 ἔσται
522 853 567 923 τὰ
592 857 769 923 ἐπίπεδα.

198 961 329 1030 Είθεία
356 963 421 1050 γάρ
449 988 499 1041 τις
525 959 546 1048 ή
576 969 640 1029 ΑΒ
670 959 753 1049 πρὸς
780 960 939 1048 ἑκάτερον
966 964 1034 1028 τῶν
1063 965 1149 1045 ΓΔ,

132 1077 195 1136 ΕΖ
219 1070 384 1137 ἐπιπέδων
407 1067 491 1156 πρὸς
510 1065 618 1156 ὀρθὰς
637 1072 732 1136 ἔστω·
756 1068 858 1153 λέγω,
883 1068 934 1134 ὅτι
953 1065 1149 1154 παράλληλά

133 1177 264 1243 ἐστιτὰ
289 1178 435 1242 ἐπίπεδα.

198 1283 243 1346 Ec
282 1279 347 1368 γὰρ
388 1280 450 1367 μή,
488 1280 716 1368 ἐκβαλλόμενα
752 1284 1011 1366 συμπεσοῦνται.
1068 1299 1149 1365 συα

82 1406 114 1455 10
132 1386 353 1454 πιπτέτωσαν·
395 1384 574 1473 ποιήσουσι
616 1385 657 1473 δή
700 1383 819 1471 κοινήν
855 1383 961 1471 τομήν
1000 1381 1149 1453 εὐθεῖαν.

132 1495 332 1559 ποιείτωσαν
363 1489 427 1577 τήν
454 1498 536 1576 ΗΘ,
565 1491 620 1558 καί
649 1492 803 1578 εἰλήφθω
833 1491 885 1559 έπλ
913 1495 972 1578 τής
993 1497 1064 1558 ΗΘ
1094 1518 1149 1559 τυ-
1185 1513 1188 1519 ·

131 1597 193 1684 χὸν
222 1611 361 1684 σημεῖον
388 1598 426 1666 τὸ
456 1603 503 1681 K,
531 1596 586 1664 καὶ
614 1597 867 1685 ἐπεζεύχθωσαν
895 1600 932 1664 αί
958 1604 1043 1683 ΑΚ,
1074 1604 1150 1689 ΒΚ

131 1703 187 1770 καὶ
212 1703 280 1771 ἐπεὶ
304 1700 325 1790 ή
348 1709 414 1770 ΑΒ
438 1699 528 1790 ὀρθή
552 1703 620 1769 έστι
644 1701 727 1791 πρὸς
749 1702 787 1770 τὸ
813 1710 875 1770 ΕΖ
900 1705 1068 1789 ἐπίπεδον,
1092 1703 1147 1771 καὶ

131 1808 216 1897 πρὸς
241 1807 304 1897 τήν
326 1816 396 1877 ΒΚ
421 1807 486 1895 ἄρα
516 1806 657 1877 εὐθεῖαν
684 1801 792 1878 οὖσαν
819 1812 857 1878 έν
878 1814 924 1901 τῷ
948 1816 1010 1876 ΒΖ
1034 1812 1150 1897 ἐκβλη-

81 1936 113 1985 15
132 1918 228 1986 θέντι
257 1919 400 2009 ἐπιπέδῳ
429 1914 518 2002 ὀρθή
547 1917 638 1983 ἐστιν
665 1912 686 2002 ή
710 1922 789 1983 ΑΒ·
817 1912 838 2002 ή
862 1913 928 2002 ίίρα
955 1912 1021 1983 ὑπὸ
1047 1922 1153 1984 ΑΒΚ

131 2029 238 2110 γωνία
262 2022 350 2111 ὀρθή
375 2026 472 2090 ἐστιν.
517 2019 573 2089 διὰ
595 2021 636 2088 τὰ
659 2019 744 2089 αὐτὰ
769 2018 811 2107 δή
834 2021 889 2088 καί
913 2018 933 2109 ή
957 2019 1023 2090 ὑπὸ
1044 2029 1152 2090 ΒΑΚ

132 2127 220 2216 ὀρθή
250 2130 348 2197 ἐστιν.
403 2127 570 2216 τριγώνου
594 2131 636 2214 δή
665 2138 726 2195 τοῦ
749 2133 857 2194 ΑΒΚ
883 2130 919 2195 αί
941 2127 1004 2196 δύο
1028 2134 1150 2212 γωνίαι

132 2238 169 2302 αί
196 2233 259 2302 ὑπὸ
290 2240 408 2320 ΑΒΚ,
432 2240 536 2302 ΒΑΚ
562 2232 662 2300 δυσίν
693 2230 814 2317 ὀρθαῖς
841 2237 928 2300 εἰσιν
956 2243 1039 2301 ίσαι·
1068 2231 1150 2322 ὅπερ

132 2341 223 2408 ἐστὶν
246 2337 426 2407 ἀδύνατον.
464 2339 527 2406 οὐκ
549 2337 615 2427 ἄρα
638 2338 677 2407 τὰ
698 2345 779 2425 ΓΔ,
794 2347 857 2407 ΕΖ
877 2342 1015 2408 ἐπίπεδα
1034 2341 1148 2426 ἐκβαλ-

79 2467 112 2516 20
131 2447 257 2533 λόμενα
285 2455 545 2532 συμπεσοῦνται·
578 2447 773 2532 παράλληλα
801 2444 868 2533 ἄρα
897 2446 966 2514 έστί
997 2445 1037 2514 τίι
1066 2451 1149 2531 ΓΔ,

131 2559 195 2619 ΒΖ
219 2555 365 2621 ἐπίπεδα.

198 2658 293 2746 Πρὸς
321 2653 342 2725 ἃ
371 2661 509 2727 ἐπίπεδα
536 2658 602 2747 ἄρα
628 2656 649 2745 ή
678 2656 762 2744 αὐτή
792 2656 910 2725 εὐθεῖα
934 2655 1023 2745 ὀρθή
1048 2660 1151 2743 ἐστιν,

131 2764 326 2853 παράλληλοί
352 2767 420 2832 ἐστι
443 2764 483 2832 τὰ
508 2766 659 2833 ἐπίπεδα·
684 2763 765 2853 ὅπερ
791 2768 858 2832 ἔδει
883 2765 997 2845 δεῖξαι.

204 2968 228 3016 1.
248 2956 455 3029 ἀναστήσονται
473 2960 506 3017 V.
535 3027 537 3031 Ι
562 2967 587 3015 4.
608 2956 665 3015 ἐστι
684 2960 774 3028 PBV‚
792 2977 883 3028 comp.
902 2960 956 3014 Fb.
1012 2965 1036 3014 5.
1057 2957 1148 3083 ἕστορι)

132 3032 162 3103 Ρ,
182 3029 240 3088 έστι
258 3031 371 3086 BFVb.
428 3028 564 3102 ἐπίπεδα]
584 3025 657 3085 αὐτὰ
677 3031 747 3101 μέρη
767 3051 798 3100 φ.
861 3038 886 3086 6.
908 3031 975 3101 ΓΔ]
995 3030 1025 3084 in
1043 3047 1095 3084 ras.
1143 3073 1148 3086 .

218 3103 443 3175 ⁷.EZ]zEb.
532 3109 573 3159 12.
593 3103 659 3173 ΒΚ]
679 3119 748 3157 corr.
769 3101 1149 3168 exKBm.2V;KBB;

132 3172 178 3229 K''
198 3172 232 3228 B'
253 3175 279 3228 b.
337 3181 377 3229 18.
397 3175 461 3246 καί]
482 3175 554 3243 (alt.)
574 3189 659 3243 supra
677 3190 728 3227 scr.
748 3190 839 3241 comp.
858 3191 895 3227 m.
917 3178 931 3227 1
950 3174 977 3228 b.
1034 3177 1075 3226 16.
1093 3168 1151 3227 ἐστι

132 3247 195 3313 BV,
214 3260 303 3314 comp.
324 3245 383 3311 Fb3
402 3245 471 3300 item
489 3244 539 3299 lin.
560 3250 601 3298 17.
677 3250 717 3299 17.
737 3244 831 3315 ΑΒΚ]
853 3260 922 3299 corr.
942 3261 976 3298 ex
994 3247 1044 3296 AB
1063 3244 1093 3299 Β.

133 3313 177 3386 αλ]
197 3332 250 3370 om.
269 3316 303 3372 V.
396 3321 437 3371 18.
457 3315 539 3385 εἰσιν]
559 3331 644 3385 supra
661 3333 698 3370 m.
719 3315 779 3370 lP.
871 3316 928 3369 ἴσαι
948 3313 1019 3369 εἰσίν
1033 3313 1067 3368 V.

133 3392 175 3442 20.
196 3381 268 3456 ἐστί]
299 3402 388 3458 comp.
409 3388 453 3455 Εἲς
482 3385 553 3442 είσίν
576 3385 606 3440 in
625 3402 678 3439 ras.
697 3404 734 3439 m.
756 3391 770 3440 1
790 3385 821 3440 P.
929 3391 972 3440 22.
991 3380 1023 3457 ἅ]
1053 3401 1150 3453 οω.φ

133 3458 201 3524 (non
219 3457 260 3526 F).
334 3453 393 3513 ἔστι
409 3458 440 3528 Β,
461 3461 490 3513 et
509 3473 578 3513 corr.
598 3457 627 3511 in
646 3451 721 3511 ἔστιν
736 3456 769 3526 V,
789 3473 879 3526 comp.
899 3455 953 3512 θλ).
1027 3462 1069 3511 23.
1092 3451 1152 3510 ἐπί-

134 3526 221 3597 πεδα]
242 3548 251 3580 ι
269 3528 299 3584 in
317 3545 369 3585 ras.
389 3546 425 3586 m.
448 3535 461 3582 1
481 3530 512 3583 Ρ.
618 3523 688 3598 ὅπερ
708 3525 767 3583 ἔδει
786 3527 891 3598 δεῖξαι]
912 3543 966 3582 om.
986 3527 1020 3583 V.

83 3684 173 3712 Α
