2468 3952
143 154 207 219 184
516 158 717 211 mommsen
736 155 786 230 ιβ’.

140 297 237 385 βάσις
264 296 347 382 πρὸς
374 298 435 385 τὴν
464 306 564 367 ΔΕΖ
593 299 710 385 βάσιν,
740 300 846 381 οὕτως
872 298 910 368 τὸ
938 303 997 386 τῆς
1020 307 1162 369 ΔΕΖΘ

141 410 328 491 πυραμίδος
350 406 438 486 ὕψος
460 404 543 491 πρὸς
565 405 602 474 τὸ
628 411 684 493 τῆς
699 412 843 474 ΑΒΓΗ
856 410 1044 496 πυραμίδος
1062 407 1161 488 ὕψος.

141 515 209 578 τῶν
228 516 383 594 ΑΒΓΗ,
399 519 534 580 ΔΕΖΘ
556 510 623 598 άροι
645 515 845 599 πυραμίδων
868 509 1162 581 ἀντιπεπόνθασιν

142 619 180 682 αί
199 615 313 702 βάσεις
335 631 404 698 τοῖς
427 619 556 699 ὕψεσιν.

107 750 123 796 5
206 720 302 790 Ἀλλάι
333 721 374 808 δὴ
402 728 470 792 τῶν
494 730 647 809 ΑΒΓΗ,
677 732 812 793 ΔΕΖΘ
839 729 1038 814 πυραμίδων
1068 723 1160 793 άντι·

141 832 403 898 πεπονδέτωσαυ
427 834 464 898 αί
483 832 598 917 βάσεις
619 845 690 912 τοῖς
716 833 854 918 ὕψεσιν,
881 832 938 899 καί
960 837 1043 901 ἔστω
1069 828 1164 918 άιςίρ

142 942 245 1004 ΑΒΓ
272 937 369 1023 βάσις
401 939 485 1024 πρὸς
515 938 578 1025 τὴν
609 947 710 1007 ΔΕΖ
741 939 858 1026 βάσιν,
891 940 998 1018 οὕτως
1028 936 1067 1006 τὸ
1100 949 1179 1024 τῆς.

143 1051 285 1111 ΔΕΖΘ
311 1049 498 1132 πυραμίδος
525 1045 612 1126 ὕψος
638 1045 723 1133 πρὸς
749 1044 787 1113 τὸ
810 1051 869 1130 της
892 1051 1035 1112 ΑΒΓΗ
1054 1070 1158 1132 πυρα·

142 1156 240 1238 μίδος
266 1152 366 1232 ὕψος·
395 1152 496 1237 λέγω,
525 1153 577 1219 ὅτι
608 1159 664 1238 ίση
693 1152 784 1219 ε’στίν
807 1148 827 1238 ἡ
852 1157 995 1218 ΑΒΓΗ
1013 1152 1163 1238 πυραμίς

91 1284 123 1332 10
142 1263 181 1348 τῇ
207 1265 340 1326 ΔΕΖΘ
363 1262 535 1344 πυραμίδι.

214 1368 288 1430 Τῶυ
311 1364 376 1450 γὰρ
400 1362 512 1431 αὐτῶν
534 1365 887 1449 κατασκευασθέντων,
911 1366 983 1432 ἐπεί
1004 1365 1096 1432 ἐστιν
1113 1361 1163 1442 ὡς

143 1467 163 1555 ἡ
188 1475 290 1537 ΑΒΓ
314 1471 411 1554 βάσις
438 1471 521 1556 πρὸς
547 1470 610 1558 τὴν
634 1478 735 1538 ΔΕΖ
764 1472 880 1557 βάσιν,
911 1471 1017 1550 οὕτως
1039 1469 1078 1537 τὸ
1100 1479 1161 1555 τῆς

143 1583 277 1644 ΔΕΖΘ
304 1581 492 1662 πυραμίδος
517 1578 604 1658 ὕψος
631 1576 716 1661 πρὸς
743 1576 781 1644 ιδ
810 1587 868 1663 τῆς
891 1583 1033 1645 ΑΒΓΗ
1056 1599 1161 1660 πυρα-

143 1688 240 1770 μίδος
261 1683 363 1767 ὕψος,
392 1680 464 1750 ἀλλ’
495 1680 539 1762 ὡς
566 1680 586 1769 ἡ
611 1689 715 1750 ΑΒΓ
738 1682 835 1768 βάσις
861 1681 945 1768 πρὸς
971 1681 1033 1769 τὴν
1059 1688 1161 1750 ΔΕΖ

92 1813 124 1861 15
142 1791 256 1877 βάσιν,
281 1790 387 1869 οὕτως
408 1788 447 1857 τὸ
465 1796 544 1856 ΒΜ
560 1787 910 1875 παραλληλόγραμμον
931 1787 1015 1875 πρὸς
1037 1785 1077 1856 τὸ
1090 1794 1167 1854 ΕΠ

143 1896 506 1983 παραλληλόγραμμον,
534 1895 589 1962 καί
618 1893 663 1974 ὡς
691 1892 757 1983 άρα
784 1893 822 1962 τὸ
850 1902 930 1962 ΒΜ
952 1891 1163 1981 παραλληλό-

143 2030 297 2091 γραμμον
326 2001 408 2090 πρὸς
434 2001 472 2069 τδ
501 2007 574 2068 ΕΠ
596 1999 959 2088 παραλληλόγραμμον,
989 2001 1096 2080 οὕτως
1122 1997 1164 2067 τδ

143 2121 202 2197 τῆς
216 2116 351 2176 ΔΕΖΘ
368 2112 556 2196 πυραμίδος
573 2106 660 2189 ὕψος
677 2104 760 2194 πρὸς
774 2106 812 2175 τδ
827 2117 886 2192 τῆς
899 2112 1042 2174 ΑΒΓΗ
1055 2131 1162 2193 πυρα-

144 2218 242 2301 μίδος
273 2215 370 2295 ὕψος.
418 2212 503 2281 άλλά
535 2213 572 2282 τδ
602 2214 691 2301 [μὲν]
720 2217 778 2299 τῆς
811 2220 947 2280 ΔΕΖΘ
973 2214 1168 2298 πυραμίδος

92 2343 126 2392 20
144 2322 231 2400 ὕψος
253 2317 292 2387 τὸ
315 2319 398 2388 αὐτό
422 2321 491 2388 ἐστι
513 2324 559 2410 τῷ
582 2324 644 2389 τοῦ
662 2325 804 2388 ΕΘΠΟ
826 2319 1167 2406 παραλληλεπιπέδου

144 2428 238 2510 ὕψει,
269 2424 308 2494 τὸ
343 2426 380 2493 δὲ
410 2429 469 2511 τῆς
503 2432 644 2494 ΑΒΓΗ
671 2432 858 2514 πυραμίδος
889 2428 975 2508 ὕψος
1006 2424 1044 2493 τὸ
1078 2422 1167 2494 αὐτά

146 2535 214 2601 ἐστι
246 2537 292 2625 τῷ
320 2535 381 2599 τοῦ
410 2539 559 2599 ΒΗΜΛ
586 2536 919 2621 παραλληλεπιπέδου
946 2533 1038 2614 ὕψει·
1070 2537 1167 2599 ἔστιν

145 2639 212 2724 άρα
236 2635 280 2717 ως
302 2635 323 2724 ἡ
347 2645 423 2705 ΒΜ
444 2637 541 2723 βάσις
562 2639 645 2726 πρὸς
668 2639 731 2727 τὴν
754 2647 826 2709 ΕΠ
845 2639 961 2724 βάσιν,
993 2639 1102 2718 οὕτως
1124 2637 1163 2706 τδ

145 2755 206 2813 τοῦ
244 2750 382 2811 ΕΘΠΟ
417 2746 748 2830 παραλληλεπιπέδου
784 2745 871 2826 ὕψος
906 2746 990 2830 πρὸς
1024 2744 1063 2812 τὸ
1101 2754 1166 2813 τοῦ

93 2871 126 2921 25
146 2858 220 2918 ΒΗ
222 2857 296 2917 ΜΛ
314 2851 646 2937 παραλληλεπιπέδου
663 2851 759 2932 ὕψος.
791 2843 840 2920 οἷν
861 2850 898 2919 δὲ
917 2861 1062 2936 στερεῶν
1079 2874 1165 2937 παρ-

146 2960 416 3045 αλληλεπιπέδων
439 2954 727 3025 άντιπεπάνθασιν
751 2961 789 3025 αί
808 2956 923 3044 βάσεις
945 2971 1015 3036 τοῖς
1029 2957 1168 3043 ὕψεσιν,

147 3073 202 3133 ἴσα
226 3065 317 3134 ἐστίν
345 3068 467 3133 ἐκεῖνα·
497 3072 573 3132 ίσου
601 3061 667 3152 άρα
695 3065 764 3132 ἐστὶ
791 3063 829 3132 τὸ
853 3071 1003 3132 ΒΗΜΛ
1027 3062 1168 3149 στερεὸν

145 3175 475 3260 παραλληλεπίπεδον
488 3174 535 3263 τῷ
549 3177 686 3238 ΕΘΠΟ
700 3175 820 3263 στερεῷ
836 3172 1167 3260 παραλληλεπιπέδῳ.

219 3427 244 3474 3.
264 3416 335 3502 άρα]
354 3437 409 3477 om.
428 3420 461 3475 V.
535 3421 637 3474 -θαοιν
655 3419 686 3474 in
704 3437 758 3474 ras.
778 3417 811 3475 V.
894 3425 918 3474 6.
938 3413 1024 3488 ὕψεσι
1042 3417 1101 3487 Vq.

149 3498 190 3547 15.
210 3488 254 3564 τί]
276 3493 374 3561 (pnus)
393 3491 437 3545 bis
454 3491 488 3546 V.
573 3497 615 3547 17.
634 3485 905 3561 παραλληλόγραμον
924 3490 955 3544 Ρ.
1040 3495 1081 3546 18.
1101 3490 1167 3562 τῆς]

81 3662 141 3688 h..
