2468 3952
157 194 223 258 332
531 195 733 248 Συουοειοα
751 193 801 265 ιγ’.

157 343 277 422 μείζων
299 333 365 424 άρα
389 337 480 405 ἐστὶν
503 333 523 422 ἡ
550 342 616 403 ΓΚ
637 340 695 422 τῆς
713 343 784 404 ΓΛ.
820 342 946 406 κείσθω
969 342 1013 425 τῇ
1035 347 1105 408 ΓΚ
1126 349 1174 429 ἰση

157 440 177 529 ἡ
205 450 281 524 ΓΛ,
308 443 364 510 καί
391 438 458 510 άπὸ
486 446 548 510 τοῦ
572 450 603 509 Λ
630 447 670 531 τῇ
693 450 760 510 AB
790 443 874 530 πρὸς
903 442 1015 532 ὀρθάς
1038 444 1174 536 ἤχδωὴ

157 557 251 634 ΛΜ,
278 549 332 616 καὶ
361 547 547 635 ἐπεζεύχθω
575 545 596 633 ἡ
622 555 703 616 ΜΒ.
748 549 805 617 καί
832 550 903 618 ἐπεί
925 552 1174 623 πενταπλάσιόν

157 659 225 724 ἐστι
252 654 290 723 τὸ
320 652 385 722 άπὸ
413 657 473 740 τῆς
495 659 561 721 ΒΓ
584 658 646 722 τοῦ
669 653 735 722 άπὸ
759 666 818 741 τῆς
840 662 921 743 ΓΚ,
944 664 1007 726 καί
1028 662 1102 728 ἐστι
1123 666 1175 748 τῆς

121 762 299 849 σμὲνΒΓ
318 765 417 846 διπλῆ
441 758 558 846 m,
581 764 640 846 τῆς
663 760 782 830 δέΓΚ
800 766 900 850 διπλῆ
919 761 1039 852 ἡΚΛ,
1062 790 1175 836 πεντα-

156 868 300 936 πλάσιον
328 866 393 951 άρα
422 867 491 934 ἐστὶ
517 864 555 934 τὸ
579 864 646 934 άπὸ
669 877 729 954 τῆς
751 878 783 936 Α
791 876 819 936 Β
846 874 908 938 τοῦ
932 869 998 939 άπὸ
1024 875 1087 958 τῆς
1109 879 1174 941 ΚΛ.

158 983 227 1043 ἔστι
250 974 288 1042 δὲ
310 970 409 1059 καὶὴ
437 977 496 1059 τῆς
523 979 668 1061 σφαίρας
691 974 870 1064 διάμετρος
893 977 1041 1065 δυνάμει
1064 1003 1175 1048 πενταε

156 1087 307 1149 πίασίων
333 1084 391 1167 τῆς
418 1082 454 1148 ἐκ
480 1083 543 1148 τοῦ
564 1083 706 1167 κέντρου
727 1086 790 1149 τοῦ
812 1081 953 1169 κύκλου,
981 1083 1046 1171 ἀφ’
1078 1077 1124 1154 οὗ
1142 1083 1175 1154 τὸ

157 1186 375 1274 εἰκοσάεδρον
406 1183 661 1274 ἀναγέγραπται.
711 1194 771 1255 καί
798 1191 889 1257 ἐστιν
921 1187 942 1276 ἡ
970 1199 1043 1259 ΑΒ
1071 1189 1095 1279 ἡ
1122 1203 1174 1279 τῆς

105 1315 138 1365 10
157 1300 302 1383 σφαίρας
330 1292 513 1381 διάμετρος
545 1292 568 1380 ἡ
596 1301 660 1362 ΚΛ
690 1321 756 1383 αρα
784 1298 820 1364 ἐκ
846 1299 909 1365 τοῦ
935 1297 1083 1385 κέντρου
1112 1298 1174 1368 ἐστὶ

155 1406 216 1470 τοῦ
239 1402 381 1485 κύκλου,
409 1398 469 1486 ἀφ’
501 1393 541 1469 οὗ
564 1401 603 1470 τὸ
627 1401 845 1490 εἰκοσάεδρον
868 1400 1174 1491 άυαγέγραπται·ἡ

155 1513 220 1574 ΚΛ
242 1505 308 1594 ἄρα
331 1507 503 1593 ἑξαγώνου
526 1508 595 1576 ἐστὶ
617 1505 745 1597 πλευρά
763 1511 824 1577 τοῦ
843 1509 1024 1597 εἰρημένου
1043 1510 1173 1590 κύκλον.

155 1614 211 1681 καί
235 1615 304 1682 ἐπεὶ
328 1611 351 1699 ἡ
373 1617 432 1699 τῆς
455 1617 600 1699 σφαίρας
624 1613 801 1700 διάμετρος
820 1613 990 1700 σύγκειται
1009 1621 1049 1683 ἐκ
1067 1643 1105 1686 τε
1121 1621 1175 1704 τῆς

156 1725 217 1789 τοῦ
246 1719 416 1807 ἑξαγώνου
442 1718 498 1786 καί
527 1721 590 1787 δύο
623 1730 691 1788 τών
718 1725 780 1788 τοῦ
809 1720 1005 1808 δεκαγώνου
1034 1726 1106 1792 τών
1133 1728 1176 1804 εἰς

105 1843 137 1891 15
156 1826 217 1895 τδυ
240 1827 419 1914 εἰρημένον
441 1824 566 1893 κύκλου
591 1828 863 1913 ἐγγραφομένων,
886 1833 945 1894 καί
960 1829 1056 1896 ἐστιν
1075 1827 1097 1916 ἡ
1117 1829 1175 1917 μὲν

157 1940 222 2000 AB
254 1931 275 2019 ἡ
307 1937 365 2018 τῆς
397 1936 542 2018 σφαίρας
569 1931 761 2019 διάμετρος,
791 1929 812 2018 ἡ
840 1930 879 1999 δέ
907 1939 977 2000 ΚΑ
1005 1935 1177 2022 ἑξαγώνου

87 2104 91 2117 ,
157 2039 295 2126 πλευρά,
318 2040 373 2107 καί
398 2046 453 2124 ἰση
477 2034 586 2124 ἡΑΚ
601 2041 641 2126 τῇ
656 2045 736 2123 ΛΒ,
760 2030 898 2125 δ’κατέρα
915 2037 983 2126 άρα
1000 2043 1073 2109 τῶν
1092 2048 1173 2127 ΑΚ,

157 2152 222 2213 ΛΒ
247 2143 441 2230 δεκαγώνου
460 2144 529 2211 ἐστὶ
547 2143 674 2231 πλευρά
692 2147 755 2213 τοῦ
774 2146 1031 2233 ἐγγραφομένου
1051 2151 1100 2227 εἰς
1117 2146 1175 2217 τὸν

156 2251 296 2336 κύκλον,
329 2248 390 2335 ἀφ’
426 2241 468 2317 οὗ
499 2248 537 2317 τὸ
566 2250 783 2338 εἰκοσάεδρον
811 2247 1071 2338 ἀναγέγραπται.
1123 2254 1175 2322 καί

103 2375 137 2424 20
158 2357 227 2424 ἐπεὶ
252 2355 446 2442 δεκαγώνου
469 2355 531 2444 μέν
553 2354 574 2443 ἡ
599 2363 680 2442 ΛΒ,
709 2355 881 2443 ἑξαγώνου
904 2357 942 2426 δέ
964 2355 985 2444 ἡ
1010 2367 1097 2426 ΜΛ·
1122 2370 1174 2446 ίση

80 2470 84 2477 ’
156 2461 221 2548 γάρ
244 2462 313 2528 ἐστι
331 2471 371 2549 τῇ
387 2467 467 2546 ΚΛ,
492 2463 561 2530 ἐπεὶ
580 2462 635 2529 καί
653 2466 693 2551 τῇ
708 2470 788 2531 ΘΚ·
813 2472 889 2532 ίσον
907 2462 972 2550 γάρ
992 2461 1174 2552 άπέχουσιν

157 2565 221 2635 άπὸ
250 2571 312 2634 τοῦ
339 2568 494 2654 κέντρου·
527 2575 586 2636 καί
612 2571 701 2638 ἐστιν
734 2569 873 2657 ἑκατέρα
899 2573 967 2639 τών
995 2576 1080 2656 ΘΚ,
1107 2578 1175 2640 ΚΛ

157 2678 344 2741 διπλασίων
375 2679 435 2761 τῆς
462 2682 540 2743 ΚΓ·
573 2675 791 2762 πενταγώνου
823 2675 889 2764 άρα
922 2676 1012 2744 ἐστίν
1041 2673 1064 2764 ἡ
1094 2685 1174 2746 ΜΒ.

156 2778 176 2865 ἡ
201 2780 239 2848 δὲ
262 2784 322 2849 τοῦ
346 2781 562 2866 πενταγώνου
586 2783 676 2849 ἐστὶν
698 2781 720 2869 ἡ
743 2784 805 2850 τοῦ
829 2783 1064 2868 εἰκοσαέδρου·
1093 2788 1175 2851 εἰκο-

104 2902 138 2952 25
157 2890 303 2973 σαέδρου
326 2886 393 2972 άρα
417 2887 507 2954 ἐστὶν
530 2885 551 2973 ἡ
575 2895 657 2955 ΜΒ.

223 2993 292 3060 Καὶ
325 2993 394 3061 ἐπεὶ
426 2990 446 3079 ἡ
481 3001 542 3061 ΖΒ
575 2994 682 3080 κύβου
714 2994 784 3062 ἐστὶ
815 2992 959 3079 πλευρά,
996 2995 1174 3084 τετμήσθω

157 3097 262 3185 άκρον
284 3100 340 3166 καί
367 3101 471 3186 μέσον
499 3098 602 3186 λόγου
628 3099 771 3168 κατὰτὸ
796 3107 846 3186 Ν,
873 3100 928 3168 καὶ
952 3105 1036 3168 ἔστω
1061 3110 1174 3188 μεῖζον

99 3202 108 3210 ’
157 3209 268 3293 τμῆμα
290 3204 327 3273 τὸ
352 3212 434 3273 ΝΒ·
462 3203 483 3292 ἡ
506 3213 545 3272 Ν
547 3214 575 3274 Β
599 3204 664 3296 άρα
688 3208 922 3295 δωδεκαέδρου
945 3206 1015 3274 ἐστὶ
1038 3209 1176 3298 πλευρά.

229 3457 252 3505 1.
272 3455 366 3522 μεῖζον
386 3454 419 3510 V.
485 3449 561 3509 ἐστίν
581 3449 636 3524 άρα
655 3473 681 3524 q.
748 3455 818 3526 ΓΚ]
838 3457 897 3509 ΚΓ
912 3454 946 3509 V.
1012 3457 1085 3528 ΓΚ]
1106 3475 1174 3515 corr.

157 3536 190 3575 ex
208 3525 268 3576 KP
284 3523 316 3578 V.
399 3530 424 3580 4.
445 3519 519 3580 ἐστιν
538 3524 568 3580 Ρ.
649 3529 708 3580 ΚΓ
725 3525 757 3580 V.
845 3523 920 3580 ἐστιν
937 3524 967 3580 Ρ.
1053 3534 1078 3585 7.
1101 3527 1176 3585 ἐστιν

81 3600 134 3696 ἱ
