2468 3952
493 172 675 224 APPENDIX
692 175 728 226 II.
1053 172 1117 237 391

98 316 144 403 τῷ
169 319 287 380 ΗΘΜ
303 312 469 403 τριγώνῳ·
498 320 553 399 ίση
583 313 648 399 ἄρα
677 314 768 382 ἐστὶν
790 312 811 402 ἡ
835 312 901 384 ὑπὸ
925 320 993 383 τῶν
1016 324 1119 384 ΑΕΒ

98 423 206 504 γωνία
228 423 268 507 τῇ
291 417 357 487 ὑπὸ
382 424 450 488 τῶν
469 427 589 489 ΗΘΜ
632 417 705 488 ἀλλ’
732 419 752 508 ἡ
777 421 838 507 μὲν
862 419 927 490 ὑπὸ
952 428 1054 491 ΑΕΒ
1077 426 1117 511 τῇ

97 522 164 592 ὑπὸ
189 533 289 594 ΑΖΒ
312 526 438 593 ἐστινί
427 534 497 612 ἴση,
525 524 546 613 ἡ
571 525 648 594 δὲ
631 525 697 595 νπδ
721 534 834 595 ΗΜΘ
855 532 895 616 τῇ
919 525 984 596 ὑπὸ
1009 535 1119 596 ΗΝΘ

98 631 224 698 ἐστινί
213 640 279 717 ί.ση
313 637 383 700 ἔστι
407 632 444 700 δὲ
468 630 599 762 ὀρθὴ*
581 632 647 702 νπδ
671 637 740 702 τῶν
759 642 822 701 BA
830 642 856 701 Z
880 634 969 723 ὀρθῇ
993 636 1031 722 τῇ
1051 631 1117 701 ὑπὸ

99 743 207 805 ΘΗΝ
239 747 302 826 ἴση
353 738 499 827 λοιπὴ’
486 740 551 829 ιίρα
580 738 600 828 ἡ
629 738 695 809 ὑπὸ
724 748 824 808 ΑΖΒ
853 745 950 829 λοιπῇ
978 745 1018 828 τῇ
1050 722 1117 807 ὑπο

99 850 211 911 ΗΘΝ
231 847 356 914 ἐστινί
345 855 408 933 ἴση.
448 846 629 932 ἰσογώνιον
653 845 719 931 ἄρα
738 847 857 914 ἐστὶ
824 873 862 914 το
883 855 982 914 ΑΒΖ
1001 852 1119 961 τρίγω-

98 977 161 1020 νον
189 957 234 1044 τῷ
262 958 376 1020 ΗΘΝ
398 953 560 1045 τριγώνῳ.
610 951 824 1040 ἀνάλογον’
810 953 875 1041 ἄρα
903 950 1045 1021 ἐστίν’
1023 981 1067 1033 ως
1095 979 1116 1038 η

99 1065 161 1124 ΒΖ
184 1057 268 1143 πρὸς
291 1058 352 1144 τὴν
376 1066 451 1143 BA,
480 1058 585 1139 οὕτως
613 1057 634 1145 ἡ
658 1066 726 1127 ΘΝ
749 1058 832 1147 πρὸς
857 1065 932 1129 ΘΗ.
978 1061 1119 1139 ἐναλλὰξ

100 1165 166 1250 ἄρα
190 1163 325 1232 ἐστὶν
304 1192 349 1245 ως
372 1165 392 1251 ἡ
413 1173 475 1233 ΒΖ
498 1164 581 1254 πρὸς
600 1164 662 1252 τὴν
682 1173 764 1253 ΘΝ,
788 1162 933 1252 ούτωςὴ
955 1173 1015 1233 ΒΑ
1034 1163 1119 1249 πρὸς

98 1269 161 1356 τὴν
185 1277 260 1337 ΘΗ.
306 1272 362 1338 καὶ
391 1271 460 1340 ἐπεὶ
483 1272 521 1340 τὸ
546 1270 611 1340 ιἰπὸ
634 1277 693 1359 τῆς
715 1279 778 1340 ΒΖ
799 1272 1012 1360 τετράγωνον
1034 1270 1118 1359 πρὸς

99 1377 136 1445 τὸ
167 1375 232 1445 ἀπὸ
260 1381 319 1465 τῆς
347 1384 419 1444 ΘΝ
446 1377 657 1465 τετράγωνον
691 1383 892 1447 διπλασίονα
919 1378 1023 1465 λόγον
1052 1383 1118 1464 ἔχει

99 1482 183 1574 ἥπερ
211 1483 231 1571 ἡ
262 1492 323 1552 ΖΒ
351 1482 434 1572 πρὸς
456 1482 517 1571 τὴν
541 1492 627 1572 ΘΝ,
656 1491 721 1573 ἔχει
750 1486 864 1554 δὲκαὶ
887 1487 925 1554 τὸ
950 1490 1121 1553 ΑΒΓΔΕ

100 1591 301 1678 πολύγωνον
324 1592 407 1678 πρὸς
429 1590 467 1658 τὸ
487 1598 672 1659 ΗΘΚΛΜ
692 1591 891 1678 πολύγωνον
916 1596 1117 1659 διπλασίονα

101 1699 204 1783 λόγον
228 1695 310 1785 ἥπερ
334 1694 355 1783 ἡ
375 1704 441 1764 ΑΒ
464 1696 548 1785 πρὸς
570 1696 631 1783 τὴν
650 1704 735 1783 ΗΘ,
759 1702 818 1765 καί
839 1701 929 1765 ἐστιν
953 1695 997 1776 ὡς
1020 1696 1117 1784 ἡΒΖ

100 1801 185 1887 πρὸς
211 1801 275 1889 τὴν
303 1810 386 1888 ΘΝ,
415 1804 522 1884 οὕτως
548 1802 569 1890 ἡ
594 1811 659 1872 ΑΒ
686 1804 769 1891 πρὸς
796 1804 859 1890 τὴν
881 1809 965 1889 ΗΘ,
994 1804 1049 1870 καὶ
1074 1801 1120 1882 ὡς

99 1909 165 1995 ἄρα
187 1908 225 1978 τὸ
249 1908 314 1978 ιἰπὸ
337 1914 395 1996 τῆς
413 1918 442 1978 Β
449 1919 475 1978 Ζ
498 1911 709 1997 τετράγωνον
732 1912 814 1999 πρὸς
831 1910 868 1978 τδ
890 1908 954 1978 ἀπὸ
973 1913 1031 1996 τῆς
1049 1916 1122 1977 ΘΝ

98 2016 325 2104 τετράγωνον,
355 2016 461 2097 οὕτως
482 2016 520 2085 τὸ
551 2024 721 2085 ΑΒΓΔΕ
745 2017 945 2104 πολύγωνον
973 2015 1057 2104 πρὸς
1079 2013 1117 2084 τδ

100 2129 292 2191 ΗΘΚΛΜ
309 2122 521 2209 πολύγωνον·
547 2125 627 2212 ὅπερ
652 2129 719 2192 ἔδει
743 2128 856 2205 δεῖξαι.

70 2365 73 2370 ’
168 2339 212 2403 oc
241 2335 358 2404 κύκλοι
386 2336 469 2424 πρὸς
497 2334 662 2424 ἀλλήλους
695 2337 780 2406 εἰσὶν
813 2337 858 2416 ὡς
885 2335 925 2406 τὰ
953 2333 1020 2404 ἀπὸ
1047 2339 1153 2404 τῶνν

100 2443 287 2529 διαμέτρων
310 2442 510 2531 τετράγωνα.

167 2553 315 2616 ἔστωσαν
338 2548 454 2617 κύκλοι
479 2553 514 2617 οἱ
536 2556 685 2637 ΑΒΓΔ,
709 2557 860 2637 ΕΖΗΘ,
883 2551 1054 2639 διάμετροι
1079 2548 1116 2617 δὲ

100 2651 212 2721 αὐτῶν
236 2657 273 2720 αἱ
295 2661 377 2739 ΒΔ,
406 2663 474 2722 ΖΘ.
519 2657 621 2743 λέγω,
651 2655 702 2725 ὅτι
726 2658 816 2726 ἐστὶν
840 2655 885 2739 ὡς
907 2656 945 2725 τὸ
970 2655 1034 2725 ἀπὸ
1060 2660 1119 2742 τῆς

100 2768 167 2828 ΒΔ
190 2760 402 2847 τετράγωνον
424 2761 508 2850 πρὸς
530 2760 567 2830 τὸ
592 2760 656 2831 ἀπὸ
678 2769 740 2830 ΖΘ
761 2763 987 2850 τετράγωνον,
1011 2761 1119 2842 οὕτως

100 2864 119 2934 δ
143 2874 276 2934 ΑΒΓΔ
303 2870 425 2949 κύκλος
452 2868 534 2957 πρὸς
561 2866 621 2937 τδν
649 2876 786 2937 ΕΖΗΘ
815 2868 948 2938 κύκλον.
994 2874 1025 2937 εί
1051 2868 1117 2957 γὰρ

99 2973 144 3059 μή
169 2977 258 3042 ἐστιν
282 2973 326 3053 ὡς
349 2975 386 3043 τὸ
412 2972 477 3044 ἀπὸ
500 2980 559 3062 τῆς
577 2984 642 3044 ΒΔ
659 2975 870 3063 τετράγωνον
890 2975 973 3062 πρὸς
991 2974 1028 3044 τὸ
1050 2973 1115 3044 ἆπδ

99 3084 157 3166 τῆς
186 3088 247 3148 ΖΘ
274 3081 500 3168 τετράγωνον,
534 3083 640 3163 οὕτως
673 3080 691 3150 δ
720 3089 856 3152 ΑΒΓΔ
883 3083 1004 3163 κύκλος
1034 3082 1118 3169 πρὸς

99 3183 159 3253 τὸν
179 3192 314 3253 ΕΖΗΘ
332 3185 472 3269 κύκλον,
490 3186 566 3274 ἤτοι
584 3185 667 3276 πρὸς
687 3189 830 3257 ἔλασσόν
848 3216 880 3256 τι
898 3194 960 3258 τοῦ
979 3196 1119 3258 ΕΖΗΘ

98 3292 224 3359 κύκλου
247 3296 372 3378 χωρίον
390 3288 411 3377 ἢ
431 3292 514 3379 πρὸς
532 3291 569 3362 τὸ
590 3301 711 3381 μεῖζον.
748 3299 831 3363 ἔστω
851 3295 1015 3384 πρότερον
1034 3295 1118 3384 πρὸς

99 3402 243 3465 ἔλασσον
275 3394 312 3463 τὸ
344 3403 389 3484 Φ,
423 3399 479 3465 καὶ
508 3403 554 3490 τῷ
577 3407 714 3467 ΕΖΗΘ
739 3400 850 3494 κύκλῳ
879 3409 936 3470 ίσα
964 3405 1047 3473 ἔστω
1074 3401 1116 3471 τδι

102 3509 181 3585 ΦΧ,
208 3502 264 3570 καὶ
292 3504 513 3593 ἐγγεγράφθω
542 3511 589 3586 είς
611 3506 671 3575 τὸν
694 3511 834 3574 ΕΖΗΘ
856 3509 981 3577 κύκλον
1004 3508 1119 3598 τετριί·
