2468 3952
160 209 227 273 244
532 206 806 280 memma

226 352 271 416 Εί
288 352 418 437 γὰρμὴ
437 346 458 434 ἡ
473 355 576 416 ΑΒΓ
591 361 720 436 σφαῖρα
738 352 822 436 πρὸς
835 351 899 435 τὴν
913 354 1015 415 ΔΒΖ
1030 359 1177 436 σφαῖραν

159 460 379 544 τριπλασίονα
407 454 511 541 λόγον
539 460 606 542 ἔχει
641 453 725 543 ἥπερ
753 453 774 542 ἡ
808 461 875 523 ΒΓ
896 456 980 542 πρὸς
1006 455 1073 540 τὴν
1102 461 1178 540 ΕΖ,
1210 455 1215 466 ’

161 564 225 644 ἕξει
256 559 323 648 ύρα
354 559 375 650 ἡ
409 568 512 630 ΑΒΓ
539 575 667 649 σφαῖρα
700 564 786 648 πρὸς
816 559 984 630 έλύσσονύ
1014 585 1095 628 τινα
1127 563 1179 648 τῆς

161 675 264 737 ΔΕΖ
282 673 427 755 σφαίρας
445 672 667 756 τριπλασίονα
685 663 825 754 λόγονῆ
843 666 927 750 πρὸς
943 671 1079 753 μείζονα
1098 663 1179 753 ἤπερ

125 772 181 862 δὴ
205 781 272 842 ΒΓ
290 777 375 858 πρὸς
396 775 460 860 τὴν
483 780 555 841 ΕΖ.
596 774 695 861 ἐχέτω
719 772 885 861 πρότερον
900 761 991 860 ιπρὸς
1014 771 1182 842 ἐλάσσονα

159 885 222 969 τὴν
246 887 368 966 ΗΘΚ,
395 879 453 946 καὶ
479 879 658 966 νενοήσθω
681 877 703 967 ἡ
728 886 831 947 ΔΕΖ
852 883 892 968 τῇ
915 884 1025 947 ΗΘΚ
1044 880 1124 965 περὶ
1145 883 1180 948 νδ

160 985 242 1056 αὐτὸ
263 987 415 1073 κέντρον,
433 987 489 1054 καὶ
504 985 728 1073 ἐγγεγράφθω
744 990 792 1066 είς
804 987 867 1072 τὴν
882 991 1017 1072 μείζονα
1030 1000 1180 1072 σφαῖραν

160 1093 223 1180 τὴν
247 1100 350 1161 ΑΒΖ
377 1091 515 1177 στερεὸν
542 1092 733 1181 πολύεδρον
757 1090 801 1179 μὴ
824 1102 942 1176 ψαῦον
960 1101 1019 1179 τῆς
1043 1093 1189 1162 ἐλάσσο-

160 1228 222 1280 νος
248 1204 394 1289 σφαίρας
420 1203 479 1286 τῆς
506 1206 614 1267 ΗΘΚ
639 1197 722 1266 κατὰ
751 1200 815 1285 τὴν
843 1198 1058 1286 ἐπιφάνειαν,
1093 1201 1182 1286 ἐγγε-

111 1325 144 1377 10
167 1308 313 1394 γρύφδω
333 1307 372 1375 δὲ
389 1306 446 1374 καὶ
464 1309 512 1386 εἰς
534 1304 596 1392 τὴν
615 1311 720 1374 ΑΒΓ
733 1319 882 1394 σφαῖραν
900 1310 946 1398 τῷ
965 1308 1003 1374 έν
1020 1310 1062 1396 τῇ
1082 1313 1184 1375 ΔΕΖ

163 1419 288 1504 σφαίρᾳ
311 1416 433 1505 στερεῷ
461 1415 636 1505 πολυέδρῳ
665 1410 786 1499 ὅμοιον
814 1412 951 1499 στερεὸν
977 1412 1184 1500 πολύεδρον·

162 1517 200 1588 τὸ
233 1518 300 1606 ἄρα
328 1520 365 1586 έν
392 1521 432 1607 τῇ
456 1525 560 1587 ΑΒΓ
583 1517 721 1607 στερεὸν
748 1519 940 1606 πολύεδρον
966 1518 1050 1608 πρὸς
1076 1519 1118 1588 τὸ
1148 1524 1183 1589 έν

162 1628 202 1714 τῇ
226 1631 330 1692 ΔΕΖ
357 1623 494 1711 στερεὸν
522 1624 711 1713 πολύεδρον
740 1631 961 1714 τριπλασίονα
988 1625 1093 1713 λόγον
1119 1632 1185 1715 ἔχει

163 1729 247 1820 ἥπερ
270 1730 291 1817 ἡ
311 1737 380 1799 ΒΓ
397 1730 482 1817 πρὸς
498 1729 561 1818 τὴν
580 1739 654 1800 ΕΖ.
689 1736 755 1820 ἔχει
775 1732 813 1800 δέ
830 1733 887 1800 καὶ
905 1729 925 1820 ἡ
945 1739 1041 1802 ΑΒΓ
1056 1748 1185 1823 σφαῖρα

111 1855 144 1906 15
162 1835 246 1926 πρὸς
272 1834 335 1924 τὴν
358 1843 470 1905 ΗΘΚ
495 1850 645 1924 σφαῖραν
672 1844 894 1927 τριπλασίονα
920 1839 1025 1926 λόγον
1053 1837 1184 1929 ἥπερὴ

163 1950 230 2011 ΒΓ
248 1941 332 2028 πρὸς
353 1942 418 2030 τὴν
437 1951 513 2012 ΒΖ·
536 1949 628 2013 ἔστιν
647 1942 713 2032 ἄρα
733 1942 777 2028 ὡς
795 1943 816 2031 ἡ
835 1952 941 2014 ΑΒΓ
955 1959 1083 2034 σφαῖρα
1101 1946 1187 2035 πρὸς

162 2049 224 2136 τὴν
251 2057 360 2118 ΗΘΚ
387 2063 552 2138 σφαῖραν,
585 2049 692 2132 οὕτως
724 2053 762 2121 τὸ
795 2054 832 2120 ἐν
859 2056 900 2139 τῇ
928 2057 1032 2120 ΑΒΓ
1055 2057 1187 2144 σφαίρᾳ

164 2153 301 2242 στερεὸν
324 2155 514 2245 πολύεδρον
537 2155 621 2245 πρὸς
647 2156 686 2226 τὸ
712 2161 749 2226 έν
771 2162 811 2246 τῇ
836 2165 939 2225 ΔΕΖ
961 2163 1090 2249 σφαίρᾳ
1114 2178 1186 2228 στε-

164 2261 244 2349 ρεὸν
275 2259 477 2350 πολύεδρον·
510 2260 651 2344 ἐναλλὰξ
680 2261 773 2350 [ἄρα]
803 2261 848 2344 ὡς
879 2261 900 2351 ἡ
928 2271 1032 2332 ΑΒΓ
1055 2280 1187 2354 σφαῖρα

111 2388 145 2438 20
164 2366 248 2456 πρὸς
274 2367 312 2435 τὸ
342 2370 380 2436 ἐν
407 2366 492 2458 αὐτῇ
515 2369 720 2458 πολύεδρον,
752 2367 859 2451 οὕτως
880 2368 902 2458 ἡ
925 2377 1034 2438 ΗΘΚ
1056 2386 1187 2462 σφαῖρα

163 2472 246 2561 πρὸς
265 2470 302 2540 τὸ
323 2476 360 2542 ἐν
378 2484 419 2564 τῇ
436 2482 538 2543 ΔΕΖ
551 2481 679 2566 σφαίρᾳ
694 2474 829 2561 στερεὸν
843 2475 1040 2563 πολύεδρον.
1064 2484 1188 2565 μείζων

166 2580 203 2647 δὲ
230 2577 251 2667 ἡ
280 2587 385 2649 ΑΒΓ
408 2594 535 2668 σφαῖρα
561 2592 624 2650 τοῦ
652 2584 689 2650 ἐν
719 2580 803 2672 αὐτῇ
829 2584 1031 2670 πολυέδρου·
1064 2589 1188 2670 μείζων

164 2684 231 2774 ἄρα
253 2686 309 2754 καὶ
332 2682 353 2774 ἡ
374 2693 483 2755 ΗΘΚ
505 2701 633 2776 σφαῖρα
655 2691 717 2757 τοῦ
741 2690 778 2756 έν
800 2699 841 2777 τῇ
861 2696 962 2757 ΔΒΖ
981 2695 1109 2780 σφαίρᾳ
1129 2716 1189 2759 πο-

165 2791 319 2879 λυέδρου.
370 2791 461 2865 ύλλοὶ
490 2794 546 2861 καλ
579 2792 738 2862 ἐλάττων·
772 2797 995 2883 ἐμπεριέχεται
1025 2793 1092 2883 γὰρ
1125 2794 1187 2866 ὑπ’

30 2878 39 2903 x
112 2918 147 2967 25
166 2899 280 2967 αὐτοῦ.
328 2897 391 2967 ούκ
414 2898 479 2986 ἄρα
502 2899 523 2987 ἡ
547 2907 653 2968 ΑΒΓ
677 2913 805 2988 σφαῖρα
832 2898 915 2986 πρὸς
937 2901 1105 2971 ἐλάσσονα
1128 2909 1191 2991 τῆς

166 3011 270 3072 ΔΒΖ
299 3011 444 3094 σφαίρας
477 3012 696 3096 τριπλασίονα
724 3007 829 3092 λόγον
857 3011 923 3094 ἔχει
957 3005 1040 3097 ἥπερ
1073 3005 1094 3096 ἡ
1123 3017 1194 3078 ΒΓ

168 3109 344 3199 διάμετρος
375 3112 459 3199 πρὸς
491 3111 553 3199 τὴν
583 3121 655 3180 ΕΖ.
707 3110 832 3199 ὁμοίως
861 3112 903 3200 δὴ
932 3117 1099 3201 δείξομεν,
1135 3115 1189 3185 ὅτι

239 3401 264 3452 3,
284 3395 404 3466 σφαῖρα]
424 3411 478 3451 om.
498 3413 524 3464 q.
607 3403 631 3451 6.
652 3399 711 3452 ΗΘ
729 3396 759 3453 Ρ.
843 3393 992 3466 έννοήσθω
1010 3397 1041 3452 Ρ.
1119 3398 1191 3456 Post

168 3469 252 3520 ΔΕΖ
271 3467 333 3521 add.
354 3473 463 3535 σφαῖρα
481 3465 530 3536 Vq
549 3468 579 3522 ολ
596 3468 618 3522 Β
638 3485 675 3522 m.
694 3473 719 3522 2.
824 3472 848 3522 7.
868 3465 1042 3538 γεγρύφδως
1059 3487 1086 3538 q.

168 3541 193 3591 8.
213 3537 311 3609 ΔΕΖ]
330 3540 355 3592 Ε
374 3553 460 3607 supra
479 3553 530 3593 ιον.
549 3556 586 3592 m.
606 3543 620 3591 1
641 3538 673 3593 V.
755 3543 781 3594 9.
801 3540 860 3593 ΗΘ
878 3537 909 3594 Ρ.
984 3544 1024 3594 10.
1045 3541 1141 3612 ΔΕΖ]
1164 3544 1191 3596 Ε
