2468 3952
345 202 621 254 unaunurcuun
638 203 749 253 ursus
767 205 827 254 xri.
1028 200 1091 264 189

78 347 106 410 si
130 347 249 410 circum
273 345 428 411 circulum
443 349 576 410 ΑΒΓΔ
590 345 784 429 quadratum
798 345 1091 412 circumscribimus

79 450 150 536 [IV,
170 452 214 536 7],
237 451 431 535 quadratum
449 452 483 515 in
502 452 620 517 circulo
639 455 772 516 ΑΒΓΔ
790 453 983 536 inscriptum
1002 453 1092 518 dimi·

78 558 167 623 dium
191 561 241 622 est
264 558 497 642 circumscripti
522 561 566 642 [p.
587 559 650 622 143
669 563 737 622 not.
753 559 799 642 l]3
824 563 857 622 et
880 559 984 624 solida
1002 560 1091 624 iniis

78 668 263 732 constructa
280 661 585 784 paQal)
605 665 856 762 suntQa
870 665 1003 730 eandem
1018 666 1091 729 alti-

77 773 223 839 tudinem
238 771 402 836 habentra.
425 771 530 835 solida
544 774 653 836 autem
668 771 943 855 parallelepipeda
957 771 1091 835 eandem

78 880 284 945 altitudinem
315 877 472 942 habentia
504 898 575 940 eam
607 877 694 942 inter
722 901 755 942 se
782 881 941 943 rationem
968 878 1092 943 habent

78 1008 175 1072 quam
203 986 298 1050 bases
328 984 401 1070 [ΧΙ,
428 984 496 1064 32].
546 1005 645 1067 quare
678 983 776 1048 ctiam
804 987 928 1067 prisma
954 985 988 1048 in
1016 1006 1091 1068 qua-

78 1094 172 1158 drato
187 1092 321 1157 ΑΒΓΔ
339 1093 559 1155 constructum
579 1090 747 1154 dimidium
767 1095 817 1155 est
835 1091 1002 1174 prismatis
1017 1112 1090 1155 con·

78 1199 196 1266 structi
222 1198 256 1262 in
285 1197 444 1280 quadrato
472 1197 591 1261 circum
614 1201 680 1261 AB
689 1199 750 1260 ΓΔ
779 1197 934 1262 circulum
957 1197 1090 1261 circum·

78 1307 214 1390 script03
230 1309 262 1369 et
276 1301 437 1386 cylindrus
451 1303 608 1386 prismate
622 1303 656 1367 in
670 1303 827 1386 quadrato
838 1303 957 1369 circum
967 1306 1091 1368 ΑΒΓΔ

77 1412 232 1477 circulum
247 1409 489 1492 circumscripto
505 1410 611 1475 minor
625 1413 686 1492 est3
705 1409 814 1492 itaque
829 1409 952 1492 prisma
965 1410 999 1474 in
1014 1432 1091 1494 qua·

77 1517 172 1581 drato
186 1517 318 1579 ΑΒΓΔ
337 1520 559 1580 constructum
578 1514 711 1579 eandem
732 1516 938 1581 altitudinem
958 1516 1091 1599 habens,

77 1645 175 1707 quam
199 1621 373 1706 cylindrus,
396 1622 501 1686 maius
529 1625 578 1685 est
601 1620 734 1686 dimidio
757 1622 901 1706 cylindri.
944 1625 1091 1687 secentur

78 1751 172 1794 arcus
195 1731 274 1810 AB,
297 1730 367 1812 ΒΓ,
391 1730 467 1809 ΓΔ,
492 1733 561 1791 ΔΑ
583 1729 616 1791 in
639 1729 768 1810 punctis
792 1733 833 1812 E,
863 1733 903 1811 Z,
931 1732 978 1812 H,
1005 1733 1034 1792 Θ
1056 1729 1090 1792 in

77 1835 172 1899 binas
190 1839 299 1918 partes
319 1835 486 1918 aequalem
507 1839 539 1898 et
558 1834 716 1900 ducantur
734 1839 813 1912 ΑΒ,
832 1839 908 1916 ΕΒ,
927 1838 1001 1918 ΒΖ,
1021 1837 1090 1917 ΖΓ,

79 1943 160 2022 ΓΗ,
188 1943 274 2021 ΗΔ,
303 1945 384 2023 ΔΘ,
412 1945 486 2005 ΘΑ.
536 1941 646 2024 itaque
670 1941 768 2004 etiam
792 1941 911 2024 singuli
933 1941 1091 2026 trianguli

78 2049 192 2128 ΑΕΒ,
228 2049 336 2128 ΒΖΓ,
373 2049 493 2131 ΓΗΔ,
530 2051 633 2111 ΔΘΑ
670 2048 808 2111 maiores
846 2051 923 2111 sunt
956 2045 1088 2112 dimidio

78 2156 320 2236 segmentorum
345 2152 385 2216 ad
409 2175 464 2217 eos
487 2154 719 2237 pertinentium
743 2154 855 2218 circuli
878 2156 1025 2234 ΑΒΓΔ,
1053 2157 1090 2217 ut

77 2280 177 2342 supra
200 2258 501 2324 demonstrabamus
526 2263 568 2343 [p.
595 2260 671 2343 142,
695 2261 761 2341 22].
806 2260 871 2324 iam
895 2260 928 2323 in
952 2259 1090 2345 singulis

76 2364 251 2450 triangulis
279 2369 392 2446 AER,
424 2369 530 2450 ΒΖΓ,
552 2369 670 2449 ΓΗΔ,
699 2371 801 2432 ΔΘΑ
828 2367 988 2450 prismata
1016 2388 1090 2431 con·

78 2475 247 2536 struantur
261 2471 396 2535 eandem
411 2473 617 2537 altitudinem
631 2473 787 2537 habentia
804 2495 901 2557 quam
916 2472 1090 2554 cylindrus.

76 2576 187 2660 itaque
210 2577 309 2640 etiam
333 2578 464 2664 singula
485 2580 644 2663 prismata
666 2581 852 2643 constructa
871 2569 996 2645 maiora
1015 2584 1091 2645 sunt

77 2705 176 2767 quam
203 2683 339 2747 dimidia
367 2689 608 2768 segmentorum
637 2685 776 2769 cylindri
803 2685 843 2749 ad
867 2707 906 2750 ea
928 2687 1091 2770 pertinen·

76 2790 169 2874 tium,
193 2790 345 2873 quoniam
370 2791 398 2854 si
417 2813 475 2875 per
493 2795 613 2875 puncta
632 2797 674 2878 E,
693 2796 734 2873 Ζ,
752 2795 800 2873 Η,
818 2796 847 2855 Θ
869 2796 974 2856 rectas
993 2794 1089 2858 rectis

76 2899 156 2980 ΑΒ,
185 2898 254 2975 ΒΓ,
284 2896 359 2980 ΓΔ,
387 2901 453 2962 ΔΑ
480 2898 653 2981 parallelas
677 2897 836 2981 ducimus,
863 2902 897 2963 et
918 2898 1089 2981 parallelo·
1184 2986 1186 2991 Ι

149 3090 176 3156 1)
202 3089 470 3158 παραλληλεπίπεδα
498 3090 544 3144 hic
570 3091 604 3144 ut
630 3106 739 3159 semper
760 3089 818 3144 fare
843 3086 1014 3144 adiectiuum
1038 3093 1089 3157 est,

76 3159 125 3214 sed
147 3159 272 3228 pertinet
293 3159 330 3213 ad
353 3161 508 3230 πρίσματα,
530 3177 587 3215 non
606 3161 642 3215 ad
661 3157 769 3229 στερεά,
812 3161 1017 3230 exspectaueris
1039 3156 1088 3214 civ-

75 3227 214 3300 ιστᾶμενα
245 3231 389 3300 πρίσματα
421 3230 520 3299 στερεὰ
552 3233 819 3302 παραλληλεπίπεδα
850 3230 954 3300 ἰσουψῆ
988 3228 1088 3301 (duret.

74 3303 218 3372 πρίσματα
237 3299 341 3370 ἰσουψῆ
361 3298 460 3371 στερεὰ
479 3307 596 3370 παραλλ.
617 3302 738 3358 coniecit
754 3301 884 3374 August).

76 3459 185 3529 (Bvq).
248 3467 273 3517 ⁷.
294 3459 365 3516 εἰσιν
383 3461 440 3532 Bq.
496 3460 559 3552 ξπί]
580 3459 636 3551 cirri
656 3481 681 3532 q.
756 3470 797 3518 14.
816 3460 1034 3554 ἡρίσεοςΒλίρ.

77 3535 120 3585 19.
137 3533 274 3601 τρίγωνον
293 3552 321 3603 q.
394 3539 437 3588 21.
457 3527 521 3605 ἐφ]
541 3555 584 3604 αφ
617 3534 651 3589 V.
723 3541 767 3592 23.
786 3536 864 3607 πη]
884 3536 946 3592 add.
966 3555 1003 3591 m.
1023 3545 1038 3592 2
1059 3538 1088 3592 P.
