2468 3952
381 201 656 253 ELEMENTORUM
676 203 786 254 LIBER
804 205 850 255 XI.
1083 201 1124 266 17

111 349 171 428 est,
191 366 263 410 esse
277 348 349 409 ΗΕ
362 375 403 398 =
419 348 497 427 ΕΘ,
522 348 555 409 et
574 349 640 409 ZE
661 345 839 410 communis
863 351 921 431 est,
941 346 1004 412 duo
1024 348 1130 413 latera

112 455 196 534 HE,
213 455 277 515 ΕΖ
291 446 416 515 duobus
431 454 510 533 ΘΕ,
525 453 588 513 ΕΖ
604 451 753 533 aequalia
767 456 857 537 sunt3
874 456 907 517 et
921 457 991 517 ZH
1003 484 1044 507 =
1060 458 1129 521 ΖΘ.

109 556 221 641 itaque
241 563 262 632 L
277 560 381 621 ΗΕΖ
396 587 437 608 ==
454 559 550 621 ΘΕΖ
570 556 612 637 [I,
631 558 675 636 8].
711 557 821 641 itaque
840 561 975 642 uterque
989 562 1129 645 angulus

109 665 229 744 ΗΕΖ,
262 668 359 728 ΘΕΖ
390 667 496 729 rectus
529 666 578 728 cst
612 662 641 742 [Ι
670 663 731 728 def.
762 663 826 744 10].
882 685 960 748 ergo
994 671 1058 731 ΖΕ
1089 669 1129 734 ad

109 773 235 834 rectam
253 773 322 834 ΗΘ
344 769 480 836 fortuito
503 792 562 853 per
581 774 613 834 E
629 769 759 834 ductam
777 771 1051 856 perpendicularis
1070 779 1128 840 est.

109 876 178 940 ianr
197 876 311 940 eodem
325 875 421 941 modo
437 875 744 957 demonstrabimus,
765 880 829 940 ΖΕ
841 877 881 940 ad
896 898 1008 943 omncs
1022 882 1128 944 rectas

110 1003 183 1046 eam
210 984 383 1068 tangentes
415 985 447 1047 et
475 983 509 1045 in
536 982 634 1065 plano
662 983 843 1048 subiacenti
870 985 994 1068 positas
1021 989 1128 1050 rectos

110 1087 238 1154 efficere
262 1089 409 1173 angulos.
453 1091 543 1153 recta
567 1092 675 1152 autem
699 1088 739 1152 ad
762 1089 897 1172 planum
920 1090 1128 1174 perpendicu-

108 1195 188 1258 laris
218 1197 281 1279 cst‚
308 1195 366 1259 ubi
394 1194 435 1259 ad
463 1216 575 1260 omncs
604 1199 708 1259 rectas
738 1218 810 1260 eam
837 1200 1008 1280 tangentes
1037 1200 1071 1261 et
1093 1199 1127 1262 in

108 1300 223 1365 eodem
255 1301 353 1386 plano
387 1301 499 1366 ductas
532 1305 638 1366 rectos
672 1303 811 1388 angulos
844 1303 946 1367 efficit
978 1304 1053 1384 [def.
1081 1305 1126 1386 3].

107 1408 220 1492 itaque
245 1411 308 1471 ΖΕ
336 1407 376 1471 ad
404 1407 540 1490 planum
568 1407 738 1472 subiacens
766 1408 1039 1492 perpendicularis
1068 1416 1126 1477 est.
1199 1447 1213 1469 ,ι

109 1513 279 1577 subiacens
304 1516 414 1577 autem
436 1513 571 1596 planum
594 1513 709 1597 idest,
733 1514 820 1597 quod
843 1536 901 1598 per
923 1519 1027 1580 rectas
1043 1520 1126 1599 AB,

108 1621 177 1683 ΓΔ
195 1619 325 1684 ductum
345 1623 402 1684 cst.
439 1619 550 1703 itaque
570 1624 635 1684 ΖΕ
652 1620 693 1684 ad
712 1621 847 1704 planum
865 1625 1028 1686 rectarum
1042 1626 1125 1705 ΑΒ,

107 1727 177 1789 ΓΔ
197 1724 475 1809 perpendicularis
501 1731 559 1792 est.

175 1831 266 1916 Ergo
295 1833 323 1896 si
345 1839 436 1897 recta
459 1833 500 1897 ad
523 1833 603 1898 duas
626 1837 730 1898 rectas
753 1835 838 1898 inter
862 1856 895 1898 se
919 1838 1067 1899 secantes
1090 1836 1126 1899 in

108 1938 272 2001 communi
291 1939 433 2003 sectione
452 1939 728 2022 perpendicularis
748 1943 854 2004 crecta
873 1940 943 2023 crit,
967 1939 1065 2004 etiarn
1085 1941 1126 2004 ad

106 2043 243 2126 planum
267 2066 376 2108 aarum
400 2045 676 2128 perpendicularis
700 2045 778 2129 erit3
801 2045 886 2128 quod
905 2049 976 2110 erat
995 2046 1124 2112 demon·

107 2150 287 2214 strandum.

596 2255 636 2321 V.

175 2378 209 2444 Si
232 2383 320 2444 recta
344 2381 385 2444 ad
407 2385 473 2445 tres
497 2384 604 2446 rectas
627 2381 712 2445 inter
736 2403 769 2446 se
793 2385 965 2465 tangentes
984 2382 1018 2445 in
1038 2403 1124 2446 com·

105 2484 199 2548 muni
231 2486 373 2550 sectione
405 2486 681 2571 perpendicularis
710 2490 816 2551 erecta
844 2488 919 2572 crit,
951 2491 1016 2552 tres
1046 2487 1123 2552 illac

104 2594 214 2655 rectae
237 2591 272 2655 in
296 2592 408 2656 eodem
431 2593 529 2676 plano
554 2595 638 2657 sunt.
722 2662 727 2669 ‚

173 2695 259 2762 Nam
286 2702 376 2762 recta
400 2702 464 2762 AB
493 2699 534 2764 ad
561 2701 627 2763 tres
651 2702 757 2764 rectas
780 2701 860 2782 ΒΓ,
889 2703 972 2781 ΒΔ,
1001 2703 1067 2762 ΒΕ
1088 2699 1123 2764 in

106 2806 226 2886 puncto
256 2803 409 2868 sectionis
438 2808 465 2867 Β
496 2804 772 2887 perpendicularis
804 2810 911 2870 crecta
938 2806 991 2873 sit.
1042 2805 1124 2889 dico,

105 2913 212 2974 rectas
236 2912 313 2992 ΒΓ,
337 2900 420 2991 ΒΔ,
445 2913 511 2973 ΒΕ
532 2911 566 2973 in
591 2910 703 2975 eodem
726 2911 825 2995 plano
850 2933 930 2978 esse.

104 3102 171 3156 ΖΕ.
255 3097 353 3170 αὐτῆς]
372 3119 441 3157 corr.
461 3119 494 3157 ex
513 3098 642 3174 αὐτῇω.
663 3109 676 3156 1
697 3103 727 3157 Β.
814 3109 856 3156 12.
878 3099 921 3174 ἐν]
942 3097 993 3156 ἐπί
1009 3122 1039 3170 φ.

105 3167 198 3297 calepi}
217 3188 271 3228 om.
289 3173 322 3227 V.
413 3181 494 3228 ποιεῖ
507 3176 537 3229 Ρ.
630 3180 673 3231 13.
693 3170 725 3229 ἐν
743 3174 782 3244 τῷ
801 3173 831 3231 Β.
923 3169 1010 3245 ἐστιν]
1030 3191 1121 3244 comp.

104 3242 163 3311 rb,
199 3260 242 3296 στι
260 3243 289 3296 Ρ.
373 3250 415 3298 14.
434 3245 502 3315 τῶν]
521 3243 565 3299 bis
586 3245 621 3315 V,
640 3244 690 3300 sed
709 3261 777 3299 corr.
861 3250 902 3299 15.
924 3249 979 3298 ΓΔ
997 3239 1122 3301 εὐθειῶν

105 3313 164 3368 Vb.
239 3320 280 3368 16.
301 3309 444 3370 ἐπιπέδων
458 3316 486 3371 b.
543 3322 584 3371 17.
605 3311 708 3370 εὐθεῖα
728 3311 780 3370 δύο
799 3311 942 3387 εὐθείαις]
961 3319 978 3387 β
998 3318 1073 3372 sul&
1090 3316 1121 3374 Ε.

177 3381 230 3439 δύο
246 3417 279 3424 -
295 3391 336 3440 19.
356 3387 459 3458 δεῖξαι]
479 3387 529 3442 καὶ
543 3383 577 3441 τὰ
597 3381 661 3455 ἕξῆς
674 3385 705 3440 Β.
785 3392 826 3442 17.
846 3384 1013 3457 τεμνούσαις
1027 3419 1061 3429 -
1079 3394 1121 3442 19.

106 3452 197 3527 dorna]
217 3453 319 3511 καὶτὰ
339 3453 452 3525 ἕξήςΡ.
540 3464 581 3514 19.
603 3455 678 3514 ἔστιν
697 3456 758 3514 Vb.
846 3453 916 3529 ὅπερ
936 3457 996 3514 ἔδει
1014 3458 1120 3530 δεῖξαι]

104 3542 195 3596 comp.
214 3525 245 3581 Ε.
317 3533 360 3582 26.
380 3524 538 3601 ἐφεστάτω]
559 3547 628 3586 corr.
648 3547 682 3585 ex
700 3524 850 3598 «ἐφεστάτω
870 3548 906 3584 m.
925 3545 979 3585 rec.
998 3530 1029 3584 P.

72 3620 75 3627 '
157 3625 306 3677 Eucliden,
324 3627 374 3667 cdd.
389 3627 490 3677 Heibcrg
503 3632 526 3668 ct
540 3628 628 3679 Mensa.
652 3629 691 3670 1v.
944 3624 959 3671 2

1162 3710 1196 3732 A
