2468 3952
163 220 206 285 80
532 219 733 272 Σνουωειαα
752 215 803 272 ια’.

163 362 253 431 ἐστὶν
277 362 414 447 ἑκατέρα
436 365 505 428 τῶν
527 358 593 428 ὑπὸ
614 367 736 443 ΖΗΛ,
756 364 859 427 ΖΗΕ
880 363 1023 444 γωνιῶν.
1065 356 1122 426 διὰ
1141 356 1182 425 τά

163 465 247 536 αὐτὰ
278 467 319 554 δὴ
347 468 403 534 καὶ
433 467 569 554 ἑκατέρα
592 471 660 533 τῶν
683 463 749 534 ὑπὸ
774 472 894 552 ΘΚΑ,
922 471 1022 532 ΘΚΒ
1045 468 1180 551 γωνιῶν

163 572 253 661 ὀρθή
278 576 376 642 ἐστιν.
413 573 468 639 καὶ
492 573 562 640 ἐπεὶ
586 572 648 640 δύο
674 576 711 639 αἴ
728 578 763 640 Κ
769 580 811 657 Α,
834 580 899 639 ΑΒ
919 570 981 639 δύο
1000 584 1073 651 ταῖς
1092 578 1165 638 ΗΛ
1172 621 1180 654 ,

165 687 235 747 ΔΕ
256 688 326 747 ἴσαι
345 681 432 748 εἴσῖν
451 680 588 766 ἑκατέρα
607 680 759 768 ἑκατέρᾳ,
782 680 837 746 καῖ
856 683 981 765 γωνίας
999 687 1073 757 ἴσας
1091 702 1180 763 περι-

128 788 314 874 σέχουσιν,
349 786 446 871 βάσις
478 784 544 871 άρα
573 783 594 871 η
618 793 686 853 ΚΒ
714 786 809 870 βάσει
836 788 876 872 vy}
900 792 971 852 ΗΕ
997 792 1052 870 ἴση
1082 785 1181 851 ἐστίν.

162 897 231 960 ἔστι
264 892 301 960 δὲ
332 893 388 959 καὶ
420 890 440 978 ἡ
470 898 533 959 ΚΘ
566 896 605 981 vy}
628 899 696 959 ΗΖ
729 900 797 977 ἴση·
829 892 885 958 καῖ
917 897 1042 978 γωνίας
1074 887 1182 975 ὀρθάς

162 999 387 1086 περιέχουσιν·
416 1006 471 1083 ἴση
500 997 565 1085 άρα
592 997 647 1066 καὶ
670 994 692 1084 ἡ
716 1004 777 1064 ΘΒ
800 1001 840 1086 vy}
865 1004 935 1065 ZE.
985 996 1087 1064 πάλιν
1112 999 1181 1064 ἐπεὶ

164 1107 227 1173 δύο
252 1108 289 1172 αἴ
310 1112 395 1190 ΛΚ,
420 1111 487 1172 ΚΘ
511 1106 589 1172 δυσὶ
611 1118 683 1184 ταῖς
707 1111 797 1188 ΛΗ,
820 1111 888 1170 ΗΖ
912 1111 982 1171 ἴσαι
1004 1107 1102 1187 εἴσίν,
1125 1103 1181 1170 καὶ

163 1216 288 1297 γωνίας
311 1209 418 1297 ὀρθάς
443 1213 669 1299 περιέχουσιν,
692 1209 790 1296 βάσις
812 1208 879 1294 άρα
901 1207 921 1295 ἡ
942 1217 1007 1278 ΑΘ
1024 1209 1122 1296 βάσει
1139 1214 1179 1297 vy}

112 1340 145 1389 10
165 1325 231 1383 ΖΛ
259 1325 314 1402 ἴση
344 1320 443 1385 ἐστίν.
495 1324 563 1385 ἔστι
592 1318 629 1385 δὲ
652 1318 708 1385 καὶ
730 1314 751 1402 ἡ
776 1325 841 1385 ΑΒ
863 1320 903 1404 vy}
928 1323 999 1382 ΛΕ
1019 1324 1088 1402 ἴση·
1117 1315 1180 1384 δύο

164 1421 205 1509 δὴ
236 1426 274 1488 αἴ
295 1431 376 1508 ΘΑ,
404 1432 469 1491 ΑΒ
498 1424 561 1492 δύο
590 1437 663 1503 ταῖς
686 1431 767 1508 ΛΖ,
796 1430 866 1489 ΛΕ
891 1411 961 1489 ἴσαι
985 1426 1080 1489 εἴσίν.
1125 1423 1180 1489 καῖ

163 1529 260 1614 βάσις
291 1527 312 1615 ἡ
340 1537 402 1597 ΘΒ
436 1532 530 1614 βάσει
562 1534 601 1618 vy}
630 1537 695 1596 ΖΕ
727 1538 795 1616 ἴση·
828 1534 934 1615 γωνία
966 1527 1032 1616 άρα
1063 1526 1084 1614 ἡ
1114 1526 1179 1596 ὑπὸ

164 1641 264 1702 ΒΑΘ
290 1642 399 1725 γωνίᾳ
425 1641 465 1726 vy}
493 1635 558 1705 ὑπὸ
583 1644 685 1703 ΕΛΖ
717 1638 807 1703 ἐστιν
835 1644 901 1721 ἴση.
947 1632 1003 1701 διὰ
1032 1632 1072 1700 τὰ
1097 1632 1181 1702 αὐτὰ

164 1738 206 1827 δὴ
229 1741 285 1807 καῖ
303 1738 323 1828 ἡ
343 1742 409 1810 ὑπὸ
425 1751 526 1810 ΘΑΛ
544 1747 584 1831 vy}
603 1740 669 1810 ὑπὸ
686 1747 790 1810 ΖΔΓ
805 1744 895 1809 ἐστιν
915 1748 969 1826 ἴση
991 1739 1180 1827 [ἐπειδήπερ

112 1870 145 1918 15
164 1846 225 1914 ἐὰν
248 1845 471 1936 άπολάβωμεν
495 1858 569 1929 ἴσας
590 1847 650 1928 τὰς
673 1839 756 1933 ΑΛ,
786 1854 856 1914 ΛΓ
878 1848 934 1916 καῖ
962 1846 1181 1933 ἐπιζεύξωμεν

162 1953 222 2033 τὰς
245 1960 329 2041 ΚΛ,
352 1962 433 2041 ΘΛ,
458 1962 540 2041 ΗΓ,
570 1961 647 2040 ΖΓ,
677 1956 746 2023 ἐπεὶ
771 1953 831 2040 ὅλη
856 1952 876 2041 ἡ
900 1951 966 2021 ὑπὸ
991 1960 1095 2020 ΒΑΛ
1119 1951 1180 2042 ὅλη

162 2065 201 2149 vy}
235 2058 300 2129 ὑπὸ
329 2069 434 2129 ΕΔΓ
463 2065 553 2131 ἐστιν
586 2070 654 2148 ἴση,
688 2053 736 2130 ὦν
767 2060 787 2147 ἡ
821 2059 886 2129 ὑπὸ
915 2067 1021 2127 ΒΑΚ
1047 2064 1086 2148 vy}
1115 2058 1180 2128 ὑπὸ

163 2173 277 2233 ΕΔΗ
294 2163 467 2235 ὑπόκειται
491 2176 562 2253 ἴση,
590 2169 689 2252 λοιπὴ
718 2166 784 2255 άρα
812 2165 832 2254 ἡ
861 2164 926 2234 ὑπὸ
951 2173 1059 2234 ΚΑΛ
1082 2170 1181 2256 λοιπῇ

163 2282 202 2360 τῇ
227 2269 292 2339 ὑπὸ
316 2279 427 2340 ΗΔΓ
451 2277 542 2342 ἐστιν
570 2281 635 2359 ἴση.
680 2274 736 2341 καὶ
760 2274 830 2343 ἐπεὶ
854 2273 917 2342 δύο
942 2278 979 2360 αἱ
999 2281 1084 2356 ΚΑ,
1112 2281 1181 2340 ΛΛ

111 2399 145 2448 20
165 2377 243 2445 δυσὶ
266 2392 337 2458 ταῖς
354 2384 443 2464 ΗΛ,
464 2384 533 2445 ΔΓ
552 2388 623 2446 ἴσαι
647 2384 749 2466 εἴσῖν,
772 2380 828 2447 καὶ
851 2385 975 2466 γωνίας
998 2387 1072 2459 ἴσας
1090 2403 1181 2468 περι-

165 2486 315 2571 έχουσιν,
343 2483 440 2569 βάσις
469 2482 536 2573 άρα
563 2483 583 2571 ἡ
613 2494 648 2554 Κ
651 2495 682 2554 Λ
709 2486 805 2572 βάσει
832 2491 872 2575 vy}
900 2492 973 2553 ΗΓ
997 2488 1087 2554 ἐστιν
1115 2494 1181 2573 ἴση.

164 2594 233 2656 ἔστι
263 2588 300 2657 δὲ
322 2591 378 2657 καὶ
401 2588 422 2677 ἡ
447 2597 514 2658 ΚΘ
536 2595 574 2678 vy}
598 2599 665 2659 ΗΖ
696 2600 764 2679 ἴση·
789 2593 852 2660 δύο
877 2590 918 2678 δὴ
943 2594 980 2659 αἴ
1000 2597 1086 2678 ΛΚ,
1115 2600 1182 2661 ΚΘ

164 2695 242 2763 δυσὶ
275 2710 345 2776 ταῖς
380 2702 460 2782 ΓΗ,
492 2704 560 2764 ΗΖ
593 2703 678 2766 εἰσιν
712 2707 795 2767 ἴσαι·
827 2701 883 2767 καὶ
915 2704 1040 2784 γωνίας
1074 2695 1181 2787 ὀρθάς

163 2803 387 2889 περιέχουσιν·
411 2802 508 2888 βάσις
531 2802 597 2891 ἄρα
620 2802 721 2890 ἡΘΛ
743 2804 839 2891 βάσει
862 2810 901 2894 vy}
917 2811 982 2872 ΖΓ
1001 2807 1091 2873 ἐστιν
1115 2813 1180 2892 ἴση.

110 2927 144 2978 25
162 2911 218 2976 καὶ
247 2910 316 2977 ἐπεὶ
344 2908 407 2977 δύο
431 2913 469 2976 αί
489 2917 570 2996 ΘΑ,
599 2919 666 2978 ΑΛ
695 2911 773 2979 δυσὶ
800 2924 873 2992 ταῖς
896 2919 976 2997 ΖΔ,
1006 2916 1076 2977 ΔΓ
1094 2915 1181 2979 εἴσιυ

163 3023 244 3101 ἴσαι,
266 3016 322 3082 καὶ
345 3017 441 3101 βάσις
464 3013 485 3102 ἡ
509 3023 574 3084 ΘΛ
596 3016 692 3102 βάσει
714 3022 755 3107 vy}
780 3026 846 3086 ΖΓ
865 3020 956 3087 ἐστιν
980 3025 1050 3104 ἴση,
1072 3024 1181 3104 γωνία

162 3120 228 3210 ἄρα
261 3119 281 3207 ἡ
313 3119 380 3190 ὑπὸ
408 3129 511 3190 ΘΑΛ
543 3129 650 3213 γωνία
682 3129 722 3213 vy}
733 3121 821 3192 ,ὑπὸ
851 3130 955 3192 ΖΛΓ
981 3127 1072 3192 ἐστιν
1101 3130 1181 3211 ἴση].

164 3231 232 3293 ἔστι
257 3226 294 3293 δὲ
316 3228 371 3294 καὶ
395 3225 415 3314 ἡ
439 3225 506 3296 ὑπὸ
531 3235 635 3295 ΒΑΛ
657 3233 696 3316 vy}
721 3226 786 3297 ὑπὸ
811 3235 917 3296 ΕΔΓ
936 3237 1000 3315 ἴση.

230 3330 325 3418 Πρὸς
348 3331 413 3419 άρα
435 3337 476 3421 vy}
496 3338 637 3424 δοθείσῃ
662 3332 780 3425 εὐθείᾳ
809 3341 849 3426 vy}
869 3344 934 3404 ΑΒ
958 3336 1078 3429 καὶτῷ
1098 3337 1181 3424 πρὸς

235 3478 259 3526 3.
280 3469 337 3527 ἐστι
356 3472 392 3542 V,
412 3491 502 3545 comp.
521 3476 575 3531 Fb.
658 3476 724 3549 δύο]
745 3479 816 3546 (alt.)
834 3480 902 3533 δυσί
917 3478 974 3534 Vb.
1057 3488 1081 3534 4.
1102 3500 1181 3546 περι-

72 3538 360 3712 χέχουσιΡἮ).
435 3552 458 3603 5.
475 3551 530 3600 ΒΚ
543 3546 574 3602 B.
642 3550 870 3620 HE]E'H'‘F.
943 3544 1033 3622 ἐστίν]
1053 3567 1107 3607 om.
1122 3552 1180 3606 Vb.
