2468 3952
361 199 636 250 nnnnnnnonon
654 200 763 250 nnana
781 199 856 251 xm.
1054 194 1117 259 271

106 343 294 407 =2BAB
325 340 369 424 [Ι,
397 343 464 422 32].
510 363 622 405 uerum
656 340 754 406 etiam
783 336 1122 422 LEAF=2BAE

106 448 262 534 quoniam
292 468 385 512 arcus
408 449 510 512 ΕΔΓ
533 446 631 532 duplo
655 446 759 511 maior
787 450 837 511 est
865 468 941 511 areu
964 448 1025 510 ΓΒ
1050 446 1122 531 [ΠΙ,

106 556 160 621 28.
187 553 250 634 VI,
277 555 344 636 33].
393 553 502 635 iaque
529 557 846 629 LEAE=ABE
896 574 994 636 quare
1023 553 1122 617 eiiam

107 666 173 726 ΘΕ
186 691 228 714 ==
243 665 310 725 EA
324 689 366 713 =
381 662 446 723 AB
481 658 523 742 [I,
556 660 600 739 6].
656 664 689 724 et
726 658 877 742 quoniam
910 662 976 722 BA
991 687 1033 720 -.-=
1048 664 1123 744 ΑΕ,

106 768 171 832 erit
198 766 298 832 eiiam
326 771 347 841 [
361 769 467 830 ΑΒΕ
479 795 521 818 =
537 769 639 829 ΑΕΒ
668 763 712 848 [1,
735 764 780 845 ὃ]
830 765 1122 830 demonstrauimus

106 877 230 956 autem,
262 894 332 937 esse
359 875 554 946 [ΑΒΕ-τ
569 875 677 936 ΒΑΘ.
730 893 828 954 quare
856 872 954 935 eiiam
982 875 1123 946 [ΒΕΑ

108 1009 151 1032 =
166 982 275 1043 ΒΑΘ.
314 981 346 1042 ei
369 978 507 1043 duorum
529 977 768 1063 triangulorum
788 981 902 1061 ABE,
922 981 1021 1041 ΑΒΘ
1039 999 1122 1041 eom-

107 1086 215 1150 munis
243 1088 294 1148 asi
320 1087 464 1159 LABE.
509 1084 619 1166 itaque
643 1088 838 1159 LBAE=
854 1088 953 1148 ΑΘΒ
983 1081 1026 1166 [1,
1056 1083 1122 1164 32].

96 1212 208 1276 'qnare
234 1190 392 1274 trianguli
420 1193 534 1273 ΑΒΕ,
562 1194 662 1254 ΑΒΘ
689 1190 895 1274 aequianguli
928 1193 1013 1254 suni.
1062 1189 1123 1253 arii

106 1297 210 1382 igitur
233 1295 305 1380 [VI,
326 1297 361 1377 4]
385 1299 449 1360 ΕΒ
464 1319 471 1360 :
487 1301 548 1360 BA
563 1326 605 1348 =
621 1301 685 1360 AB
699 1319 708 1361 ε
722 1300 793 1360 ΒΘ.
834 1295 890 1360 aed
914 1299 980 1361 BA
994 1325 1036 1348 =
1052 1299 1122 1360 ΕΘ.

106 1403 219 1487 itaque
232 1407 318 1467 BE:
332 1406 396 1466 ΕΘ
410 1432 452 1455 =-·
467 1407 530 1467 Ea
544 1425 551 1465 :
566 1406 637 1471 ΘΒ.
664 1424 777 1467 nerum
791 1406 857 1466 BE
868 1411 903 1475 >
918 1405 988 1466 ΕΘ.
1011 1401 1123 1486 itaque

108 1510 210 1574 eiiam
232 1513 343 1582 ΕΘ)
357 1512 419 1573 ΘΒ
450 1508 504 1592 [V,
528 1509 592 1589 14].
638 1529 716 1593 ergo
744 1512 809 1572 ΒΕ
835 1508 869 1571 in
891 1512 920 1573 Θ
948 1507 1122 1572 seeundum

108 1613 269 1679 rationem
297 1617 473 1679 extremam
502 1636 540 1679 aa
568 1614 706 1679 mediam
734 1613 839 1678 diuisa
867 1617 928 1697 esi,
959 1618 992 1678 et
1019 1615 1123 1677 maior

108 1740 184 1804 pars
208 1723 274 1784 ΘΕ
297 1720 392 1786 latori
418 1720 596 1805 pentagoni
624 1720 768 1803 aequalis
792 1722 851 1784 esi.
897 1719 1047 1783 similiter
1070 1718 1122 1784 de-

109 1827 374 1911 monstrabimua
398 1827 495 1891 eiiam
514 1829 584 1891 ΑΓ
599 1827 633 1891 in
652 1832 681 1891 Θ
699 1825 874 1891 seeundum
893 1825 1053 1890 rationem
1072 1847 1122 1889 ex·

109 1935 248 1997 tremam
281 1954 319 1997 eo
350 1933 491 1998 mediam
524 1932 664 1997 diuisam
694 1954 778 2011 esse,
810 1936 843 1996 ei
870 1931 1024 1996 maiorem
1053 1931 1122 1995 eius
1179 2002 1182 2007 ,

108 2041 236 2122 pariam
255 2041 318 2103 ΓΘ
339 2038 435 2104 lateri
457 2039 635 2124 pentagoni
655 2039 821 2123 aequalem
841 2058 925 2122 esse;
949 2037 1124 2122 quoderat

110 2145 408 2210 demonstrandum.

587 2286 754 2352 ns

177 2408 350 2474 Laiaribus
369 2410 532 2496 hexagoni
551 2415 584 2475 et
598 2410 755 2496 decagoni
769 2411 803 2476 in
818 2412 953 2476 eundem
968 2411 1123 2476 circulum

109 2516 342 2599 inscriptorum
366 2500 547 2582 coniunctis
571 2520 642 2582 tota
661 2521 749 2582 reaia
769 2518 944 2582 seeundum
962 2518 1123 2582 rationem

181 2743 228 2798 IX.
249 2743 346 2802 ¹Theon
363 2744 393 2797 in
412 2743 529 2798 Ptolem.
548 2763 575 2815 p.
597 2749 656 2799 181.
752 2742 754 2749 ’

110 2872 270 2880 ——--

111 2954 209 3083 ΑΘΕ]
228 2957 307 3011 ΕΑΘ
326 2973 356 3024 q,
375 2951 471 3009 ΑΘΕ
492 2954 517 3009 b.
587 2960 611 3008 5,
631 2952 773 3009 τουτέστιν
791 2955 822 3008 Β.
888 2961 911 3010 6.
932 2954 988 3025 ΒΑ]
1009 2959 1057 3008 ΑΒ
1071 2954 1122 3023 bq.

207 3029 253 3082 στί
289 3043 342 3082 om.
362 3044 392 3095 q,
413 3021 488 3081 ἐστίν
506 3026 538 3080 Β.
639 3030 662 3079 7.
682 3025 715 3095 τῇ
735 3021 791 3080 ὑπὸ
810 3026 903 3096 ΑΕΒ]
923 3043 978 3094 mg.
998 3042 1033 3081 m.
1055 3031 1070 3078 2
1089 3025 1120 3080 B.
1191 3028 1194 3033 '

181 3093 243 3154 ἀλλ’
288 3116 314 3167 q.
387 3096 476 3167 ΒΑΘ]
495 3098 577 3151 ΑΒΘ
595 3096 630 3164 Β,
650 3112 719 3150 corr.
737 3114 774 3152 m.
789 3101 815 3153 2.
887 3101 912 3150 8.
932 3092 1000 3166 ἄρα]
1023 3112 1076 3150 om.
1091 3097 1122 3165 P,

109 3164 166 3237 aion
185 3171 275 3238 γωνία
293 3169 327 3223 V.
400 3164 488 3239 ἐστιν]
508 3185 563 3222 om.
582 3166 615 3221 V.
689 3172 712 3221 9.
733 3167 791 3238 ἴση]
811 3168 840 3222 in
858 3183 910 3222 raa.
932 3185 968 3220 m.
989 3172 1003 3219 1
1022 3165 1082 3220 b.'

111 3246 152 3293 10.
174 3245 223 3295 BA
285 3256 387 3295 eoorr.
407 3239 440 3293 V.
549 3243 591 3291 11.
610 3238 736 3292 ABBb.
827 3232 899 3308 ἐστι’]
920 3254 973 3293 om.
995 3237 1026 3291 V.

111 3316 152 3364 12.
173 3313 255 3366 ΑΒΘ
287 3312 341 3365 ΒΘ
359 3308 389 3364 in
407 3327 461 3365 raa.
481 3309 514 3365 V.
602 3314 643 3364 16.
662 3304 731 3380 ἄρα]
752 3305 813 3364 ἐστί
829 3326 918 3378 comp.
938 3308 971 3363 V.
1054 3308 1122 3380 ΕΘ]

109 3399 179 3437 eorr.
198 3381 228 3436 in
247 3379 481 3437 EBbeth.
501 3387 526 3434 2.
568 3384 640 3435 ,18
663 3374 737 3435 ἐστίν
756 3379 814 3435 PB.
890 3386 931 3434 19.
953 3382 998 3433 ΓΑ
1018 3397 1044 3448 q.

109 3459 153 3507 21.
173 3448 248 3507 ἐστίν
267 3453 297 3508 Β.
369 3457 412 3507 26.
432 3450 502 3522 τῶν]
522 3467 591 3505 corr.
612 3469 646 3506 ex
664 3450 715 3506 τόν
734 3470 771 3508 m.
789 3457 805 3506 2
820 3449 850 3505 P.
923 3447 985 3522 τόν]
1005 3468 1074 3506 eorr.
1090 3467 1124 3506 ex

110 3525 166 3578 τῶν
184 3542 221 3580 m.
240 3529 256 3577 2
275 3522 305 3578 P.
392 3517 492 3590 αὐτόν]
513 3538 567 3577 om.
586 3523 612 3579 b.
