2468 3952
134 199 199 264 398
525 201 706 252 ΑΡΡΕΝΒΙΧ
724 201 761 251 Π,

133 347 173 429 τῇ
203 346 314 415 ΜΝΞ
319 347 348 408 Ο
374 345 538 426 πυραμίδι
565 345 732 426 πρίσματα
763 341 900 424 μείζονά
931 341 1000 408 ἐστι
1031 343 1094 408 τοῦ
1119 345 1149 406 Ω

134 450 280 532 στερεοῦ.
341 444 518 533 διῃρήσθω
557 443 577 531 ἡ
611 450 746 513 ΑΒΓΔ
777 446 923 532 πυραμὶς
954 445 1082 532 ὁμοίως
1111 450 1148 534 τῇ

134 557 280 626 ΜΝΞΟ
302 554 474 636 πυραμίδι.
525 550 580 616 καὶ
608 552 681 617 ἐπεί
704 553 794 618 ἐστιν
818 548 865 631 ὥς
886 547 908 636 ἡ
932 556 1038 617 ΑΒΓ
1057 550 1149 636 βάσις

133 660 217 746 πρὸς
239 657 300 745 τὴν
324 661 437 730 ΜΝΞ
457 655 573 742 βάσιν,
604 653 710 736 οὕτως
737 655 778 723 τὰ
801 659 839 724 ἐν
861 661 902 744 τῇ
925 660 1148 744 πυραμίδιτῇ

134 772 267 833 ΑΒΓΔ
289 769 457 851 πρίσματα
479 760 588 830 πάντα
606 760 691 847 πρὸς
709 759 750 829 τά
769 764 806 829 ἐν
823 766 864 849 τῇ
883 769 966 829 ΜΝ
967 764 1033 836 ΞΟ
1050 787 1148 847 πυρα·

133 875 205 957 μίδι
237 875 404 954 πρίσματα
437 867 546 935 πάντα
578 871 764 953 ἰσοπληθῆ,
798 865 844 946 ὡς
874 865 942 952 άρα
969 865 990 954 ἡ
1020 873 1153 935 ΑΒΓΔ.

133 975 278 1063 πυραμὶς
299 973 382 1062 πρὸς
405 973 442 1042 τὸ
466 980 500 1041 Ω
524 973 670 1060 στερεόν,
701 972 808 1052 οὕτως
829 972 869 1041 τὰ
893 976 930 1041 ἐν
953 978 994 1063 τῇ
1019 981 1148 1043 ΑΒΓΔ

133 1085 295 1168 πυραμίδι
314 1086 481 1166 πρίσματα
499 1078 608 1148 πάντα
626 1076 709 1168 πρὸς
722 1079 762 1146 τά
778 1083 815 1148 ἐν
831 1090 871 1168 τῇ
886 1086 970 1147 ΜΝ
970 1083 1037 1157 ΞΟ
1050 1105 1148 1167 πυρα·

132 1192 205 1276 μίδι
232 1192 399 1274 πρίσματα
428 1187 538 1256 πάντα
566 1191 746 1272 ἰσοπληθῆ.
797 1186 940 1268 ἐναλλάξ
967 1185 1037 1274 άρα
1060 1188 1146 1256 ἐστὶν

133 1293 177 1374 ὡς
210 1292 230 1380 ἡ
261 1299 398 1361 ΑΒΓΔ
429 1294 574 1380 πυραμίς
605 1292 690 1380 πρὸς
721 1291 761 1360 τὰ
794 1294 831 1360 ἐν
864 1291 949 1382 αὐτῇ
981 1299 1147 1381 πρίσματα

132 1401 256 1484 πάντα,
286 1398 392 1479 οὕτως
419 1398 456 1467 τὸ
480 1407 513 1467 Ω
541 1398 677 1484 στερεὸν
703 1397 786 1486 πρὸς
817 1398 857 1468 τὰ
880 1403 917 1468 ἐν
940 1404 980 1488 τῇ
1004 1404 1149 1477 ΜΝΞΟ

133 1511 295 1594 πυραμίδι
327 1512 495 1593 πρίσματα
526 1506 635 1575 πάντα
668 1510 847 1593 ἰσοπληθῆ.
902 1512 1026 1593 μείζων
1063 1507 1101 1575 δὲ
1129 1504 1148 1592 ἡ

133 1619 266 1680 ΑΒΓΔ
297 1612 442 1699 πυραμὶς
473 1617 541 1680 τῶν
578 1615 614 1681 ἐν
653 1609 737 1701 αὐτῇ
774 1611 971 1699 πρισμάτων
1003 1613 1149 1681 πάντων.

133 1726 245 1807 μεῖζον
267 1717 332 1806 άρα
355 1719 411 1786 καὶ
433 1718 472 1787 τὸ
491 1725 524 1786 Ω
548 1718 685 1804 στερεὸν
708 1723 777 1787 των
800 1721 838 1786 ἐν
860 1722 900 1807 τῇ
920 1725 963 1785 Μ
965 1722 1070 1795 ΝΞΟ
1092 1743 1149 1786 πυ-

133 1830 249 1912 ραμίδι
275 1825 470 1912 πρισμάτων
497 1823 642 1892 πάντων.
693 1822 777 1891 dm&
804 1825 862 1892 καὶ
889 1829 1042 1891 ἔλαττον·
1070 1823 1149 1911 ὅπερ

132 1930 312 2000 άδάνατον.
350 1929 411 1999 οὐκ
434 1930 500 2019 άρα
524 1931 614 1999 ἐστὶν
638 1927 683 2010 ὡς
705 1929 725 2017 ἡ
747 1937 849 1998 ΑΒΓ
866 1930 965 2017 βάσις
987 1931 1074 2015 πρὸς
1091 1928 1151 2015 τὴν

133 2042 247 2115 ΜΝΞ
266 2038 383 2124 βάσιν,
408 2036 513 2118 οὕτως
537 2035 556 2124 ἡ
581 2042 716 2105 ΑΒΓΔ
737 2038 883 2126 πυραμὶς
904 2034 989 2124 πρὸς
1012 2036 1150 2105 ἔλαττόν

132 2172 163 2213 τι
187 2157 245 2232 τῆς
269 2148 415 2221 ΜΝΞΟ
438 2148 625 2230 πυραμίδος
648 2143 793 2232 στερεόν.

199 2253 284 2338 λέγω
308 2253 365 2338 δή,
396 2251 449 2318 ὅτι
472 2248 553 2318 οὐδὲ
576 2247 660 2337 πρὸς
682 2256 802 2336 μεῖζον.
849 2254 880 2318 εἰ
900 2249 966 2339 γάρ
991 2250 1149 2334 δυνατόν,

134 2360 215 2422 ἔστω
243 2355 327 2442 πρὸς
355 2355 392 2424 τὸ
418 2363 459 2423 Ω.
508 2352 678 2423 άνάπαλιν
706 2353 772 2444 άρα
801 2356 891 2423 ἐστὶν
920 2354 965 2437 ὡς
992 2353 1013 2442 ἡ
1040 2358 1153 2432 ΜΝΞ

133 2460 228 2544 βάσις
247 2460 329 2544 πρὸς
346 2461 408 2548 τὴν
428 2469 530 2529 ΑΒΓ
544 2462 657 2548 βάσιν,
676 2461 784 2541 οὕτως
801 2461 838 2530 τὸ
858 2469 891 2530 Ω
910 2460 1048 2549 στερεὸν
1067 2461 1150 2551 πρὸς

132 2564 195 2652 τὴν
213 2572 346 2633 ΑΒΓΔ
368 2573 548 2655 πυραμίδα.
581 2566 625 2648 ὡς
648 2569 686 2636 δὲ
708 2567 746 2636 τὸ
766 2574 799 2634 Ω
822 2567 960 2655 στερεὸν
984 2568 1070 2657 πρὸς
1088 2568 1149 2655 τὴν

133 2679 267 2742 ΑΒΓΔ
280 2678 463 2761 πυραμίδα,
483 2674 589 2755 οὕτως
602 2672 623 2760 ἡ
638 2682 722 2742 ΜΝ
722 2677 785 2751 ΞΟ
802 2674 947 2761 πυραμὶς
960 2673 1046 2763 πρὸς
1060 2681 1149 2744 ἔλατ-

133 2778 192 2847 τόν
224 2807 254 2846 τι
285 2790 344 2867 τῆς
376 2787 509 2848 ΑΒΓΔ
536 2785 724 2869 πυραμίδος
756 2781 900 2868 στερεόν.
952 2778 998 2861 ὡς
1030 2779 1097 2866 άρα
1129 2778 1149 2866 ἡ

133 2891 245 2961 ΜΝΞ
266 2887 363 2972 βάσις
385 2886 468 2974 πρὸς
490 2886 552 2974 τὴν
567 2893 670 2956 ΑΒΓ
687 2887 804 2973 βάσιν,
829 2888 936 2969 οὕτως
959 2885 980 2974 ἡ
1000 2895 1046 2954 Μ
1048 2890 1149 2964 ΝΞΟ

133 2992 277 3078 πυραμὶς
299 2992 385 3080 πρὸς
413 2993 550 3062 ἔλαττόν
572 3020 603 3061 τι
626 2997 685 3081 τῆς
708 3000 843 3062 ΑΒΓΔ
866 2998 1056 3082 πυραμίδος
1079 3013 1147 3061 στε-

133 3097 226 3183 ρεόν
251 3100 332 3187 ὅπερ
356 3098 527 3168 ἀδύνατον
552 3102 725 3169 δέδεικται.
772 3099 833 3168 οὐκ
856 3099 921 3183 άρα
945 3099 1036 3166 ἐστὶν
1060 3097 1148 3184 ὦςὴ

133 3212 236 3272 ΑΒΓ
253 3207 350 3292 βάσις
372 3205 455 3294 πρὸς
482 3206 543 3294 τὴν
567 3210 680 3283 ΜΝΞ
700 3206 813 3293 βάσιν,
841 3207 947 3286 οὕτως
971 3203 992 3292 ἡ
1016 3211 1149 3274 ΑΒΓΔ

132 3312 276 3398 πυραμίς
304 3312 387 3399 πρὸς
414 3313 526 3399 μεῖζόν
556 3340 587 3380 τι
615 3317 672 3399 τῆς
697 3315 843 3398 ΜΝΞΟ
869 3316 1058 3400 πυραμίδος
1081 3332 1150 3380 στε-

133 3417 219 3506 ρεόν.
258 3420 393 3505 ἐδείχθη
419 3420 472 3503 δέ,
497 3417 548 3486 ὅτι
572 3417 653 3487 οὐδὲ
675 3417 758 3504 πρὸς
782 3425 926 3486 ἔλαττον.
968 3423 1060 3486 ἔστιν
1085 3417 1149 3506 άρα

133 3521 177 3602 ὡς
205 3521 225 3609 ἡ
254 3531 357 3591 ΑΒΓ
379 3525 477 3611 βάσις
503 3524 586 3614 πρὸς
613 3525 675 3612 την
704 3529 817 3602 ΜΝΞ
840 3525 961 3612 βάσιν,
993 3525 1101 3606 οὕτως
1129 3552 1149 3611 η
