2468 3952
138 205 179 268 18
510 206 711 258 ΣΤΟΙΧΕΙΩΝ
729 202 781 261 ια’.

203 345 263 430 Μὴ
291 347 374 433 γάρ,
402 345 477 414 ἀλλ’
502 351 534 414 εί
556 346 719 431 δυνατόν,
746 351 895 414 ἔστωσαν
925 350 961 413 αι’
983 346 1045 432 μέν
1069 354 1154 432 BA,

136 459 202 519 ΒΕ
228 454 264 520 ἐν
287 457 333 545 τῳ
358 450 563 543 ὑποκειμένῳ
589 453 748 543 ἐπιπέδῳ,
776 451 797 538 ἡ
826 451 864 519 δέ
887 459 954 520 ΒΓ
973 454 1009 520 ἐν
1033 479 1152 540 μετεω·

136 562 275 650 ροτέρῳ,
306 560 362 626 καὶ
390 558 606 646 ἐκβεβλήσθω
639 557 677 626 τὸ
705 557 762 625 διὰ
790 563 858 626 τῶν
886 566 967 643 AB,
996 565 1063 627 ΒΓ
1087 562 1155 628 ἐπί-

135 668 252 732 πεδον·
283 663 403 751 κοινὴν
436 662 477 750 δὴ
508 662 615 751 τομὴν
644 663 776 750 ποιήσει
804 666 840 732 ἐν
870 667 915 754 τῳ
943 661 1154 756 ὑποκειμένῳ

100 771 278 862 σέπιπέδῳ
320 769 469 839 εὐθεῖαν.
523 775 657 838 ποιείτω
697 768 758 856 τὴν
790 777 862 837 ΒΖ.
918 773 955 838 ἐν
999 771 1050 838 ἑνὶ
1087 770 1156 858 ἄρα

135 877 222 943 είσὶν
244 877 386 967 ἐπιπέδῳ
411 879 455 968 τῷ
476 877 643 965 διηγμένῳ
664 875 720 942 διδι
740 879 808 963 τῶν
827 883 909 960 AB,
928 880 994 943 ΒΓ
1008 879 1046 943 αί
1065 891 1156 961 τρεῖς

135 981 266 1050 εὐθεῖαι
290 986 327 1049 αι’
347 989 429 1066 ΑΒ,
455 987 533 1067 ΒΓ,
556 989 628 1049 ΒΖ.
673 982 729 1048 καὶ
753 981 823 1049 ἐπεὶ
846 979 866 1065 ἡ
886 989 951 1049 ΑΒ
975 979 1064 1069 ὀρθή
1085 986 1155 1052 ἐστι

135 1088 218 1178 πρὸς
237 1090 396 1174 ἑκατέραν
413 1090 482 1156 τῶν
495 1095 581 1173 BA,
596 1094 675 1174 BE,
694 1088 750 1155 καὶ
768 1091 813 1180 τῳ
833 1085 889 1154 διὰ
904 1091 972 1155 τῶν
986 1097 1070 1176 BA,
1090 1098 1158 1158 ΒΕ

134 1193 200 1281 ἄρα
224 1197 367 1285 ἐπιπέδῳ
392 1191 481 1282 ὀρθή
506 1196 597 1262 ἐστιν
619 1192 640 1280 ἡ
665 1201 740 1262 ΑΒ.
776 1192 814 1262 τὸ
840 1195 878 1261 δὲ
902 1192 957 1261 διὰ
981 1199 1051 1262 τῶν
1074 1203 1155 1280 BA,

82 1323 115 1372 το
134 1309 201 1368 ΒΕ
222 1299 380 1368 ἐπίπεδον
403 1297 441 1368 τὸ
464 1297 686 1386 ὑποκείμενόν
709 1298 814 1367 ἐστιν·
839 1297 859 1386 ἡ
885 1306 949 1366 ΑΒ
972 1299 1038 1388 ἄρα
1062 1299 1153 1389 ὀρθή

133 1406 203 1475 ἐστι
235 1406 318 1492 πρὸς
349 1405 388 1474 τὸ
421 1404 642 1494 ὑποκείμενον
670 1404 838 1474 ἐπίπεδον.
880 1405 965 1474 ὥστε
990 1407 1047 1474 καὶ
1070 1407 1155 1496 πρὸς

133 1514 240 1593 πάσας
263 1513 322 1594 τὰς
345 1513 531 1601 ἁπτομένας
554 1511 657 1600 αὐτῆς
680 1512 816 1593 εὐθείας
838 1514 894 1581 καὶ
918 1512 1020 1592 οὔσας
1045 1516 1081 1581 ἐν
1105 1519 1152 1605 τῷ

132 1617 339 1711 ὑποκειμένῳ
376 1617 521 1710 ἐπιπέδῳ
559 1617 667 1707 ὀρθὰς
691 1621 834 1706 «ποιήσει
866 1626 990 1706 γωνίας
1021 1618 1042 1706 ἡ
1075 1628 1151 1689 ΑΒ.

133 1725 269 1792 ἅπτεται
297 1726 335 1792 δὲ
358 1721 460 1811 αὐτῆς
483 1722 504 1811 ἡ
528 1732 590 1792 ΒΖ
614 1716 700 1792 οὖσα
724 1722 762 1793 ἐν
784 1729 830 1816 τῳ
853 1722 1061 1816 ὑποκειμένῳ
1085 1729 1153 1794 ἐπι-

82 1853 114 1901 16
133 1832 236 1922 πέδῳ·
260 1829 280 1917 ἡ
305 1830 370 1919 ἄρα
392 1829 459 1899 ὑπὸ
479 1839 579 1899 ΑΒΖ
597 1837 704 1917 γωνία
729 1830 819 1920 ὀρθή
843 1830 943 1899 ἐστιν.
980 1829 1154 1901 ὑπόκειται

134 1938 172 2006 δέ
193 1939 248 2006 καί
272 1936 292 2025 ἡ
316 1937 381 2007 ὑπδ
407 1944 512 2006 ΑΒΓ
530 1935 633 2025 ὀρθή·
662 1946 717 2024 ίση
741 1936 808 2024 ἄρα
831 1936 852 2024 ἡ
875 1935 941 2006 ὑπὸ
966 1946 1065 2006 ΑΒΖ
1088 1967 1153 2025 γω-

134 2050 190 2112 νία
216 2051 256 2132 τῇ
287 2043 353 2113 ὑπὸ
380 2051 488 2113 ΑΒΓ.
538 2050 597 2112 καί
623 2049 710 2112 είσιν
738 2046 775 2112 ἐν
804 2045 855 2112 ἑνὶ
884 2047 1040 2134 ἐπιπέδῳ·
1070 2042 1152 2132 ὅπερ

133 2150 224 2217 ἐστὶν
248 2148 429 2218 ἀδύνατον.
476 2148 537 2216 οὐκ
566 2149 632 2237 ἄρα
661 2148 680 2236 ἡ
705 2156 772 2217 ΒΓ
790 2149 907 2219 εὐθεῖα
932 2153 968 2219 ἐν
992 2179 1153 2242 μετεωρο-

92 2293 96 2301 ·
132 2256 216 2350 τέρῳ
237 2256 328 2322 ἐστὶν
347 2257 505 2346 ἐπιπέδῳ·
527 2259 565 2322 αι’
580 2270 668 2343 τρεῖς
687 2255 753 2344 ἄρα
772 2255 902 2325 εὐθεῖαι
922 2262 959 2326 αἱ
976 2264 1048 2345 ΒΓ,
1067 2267 1152 2346 BA,

80 2384 114 2432 κο
137 2368 200 2428 ΒΕ
221 2364 257 2429 ἐν
281 2361 336 2429 ἑνί
356 2365 441 2429 εἰσιν
465 2361 618 2451 ἐπιπέδῳ.

197 2464 275 2534 Ἐδιν
299 2465 364 2551 ἄρα
388 2463 505 2534 εὐθεῖα
528 2468 638 2555 τρισίν
662 2464 811 2548 εὐθείαις
829 2467 1030 2556 ἁπτομέναις
1051 2471 1152 2559 ἀλλή-

133 2581 202 2640 λων
235 2573 287 2639 ἐπὶ
319 2576 378 2659 τῆς
407 2569 497 2659 ὑφῆς
529 2597 612 2658 προς
645 2572 753 2661 ὀρθὰς
786 2577 965 2664 ἐπισταθῇ,
999 2582 1037 2645 αί
1063 2592 1153 2666 τρεῖς

133 2676 265 2747 εὐθεῖαι
289 2681 326 2747 ἐν
351 2680 404 2748 ἑνί
424 2683 510 2747 είσιν
534 2681 690 2772 ἐπιπέδῳ·
715 2679 796 2766 ὅπερ
820 2685 888 2750 ἔδει
912 2683 1025 2764 δεῖξαι.

620 2893 662 2964 τ’.

78 3037 113 3085 25
197 3014 284 3085 Ἐὰν
323 3015 393 3084 δύο
431 3013 591 3084 εὐθεῖαι
628 3020 678 3108 τῷ
711 3014 816 3108 αὐτῷ
851 3019 1021 3110 ἐπιπέδῳ
1053 3019 1151 3108 πρὸς

132 3119 257 3210 ὀρθὰς
282 3114 393 3209 οἶσιν,
416 3123 664 3212 παράλληλοι
688 3128 849 3191 ἐσονται
873 3128 915 3191 αἱ
936 3124 1105 3194 εὐθεῖαι.

204 3317 474 3387 1.BA]ecorr.m
492 3318 548 3372 lb.
580 3314 759 3406 2526&-
725 3313 1020 3409 -Βενθεῖανμιρ,
1035 3340 1072 3378 m.
1089 3321 1149 3389 1V,

130 3387 159 3440 in
179 3389 329 3442 texturae.
350 3391 400 3442 est
455 3395 480 3443 2.
499 3408 605 3458 μετεωρ
607 3390 681 3461 ch
737 3395 761 3443 3
781 3391 842 3458 καί]
857 3391 910 3444 καί
921 3387 960 3445 δι
977 3392 1002 3445 b.
1058 3399 1083 3447 4.
1099 3390 1148 3465 δή]

130 3459 230 3538 postea
243 3459 340 3514 msF
405 3409 670 3545 σμαὶεὺθεῖανο,
690 3460 764 3525 etB,
783 3477 852 3515 corr
866 3480 903 3516 m.
919 3467 949 3529 23
969 3465 1047 3531 καί(
1048 3481 1110 3518 com
1133 3469 1151 3531 .)

130 3528 317 3583 1ns.m.1F.
380 3526 532 3599 ποιήτωφ.
589 3530 659 3586 εἰσίν
679 3526 775 3599 acab.
833 3537 856 3589 V.
873 3504 999 3601 ἐστινΡς
1019 3465 1150 3603 ἐὺταιΡΒ,
