2468 3952
131 185 196 249 134
340 214 344 218 -
502 184 703 239 ΣΤΟΙΧΕΙΩΝ
721 183 773 238 ια’.

129 325 149 414 ἡ
182 326 279 414 κοινὴ
312 329 395 414 τομὴ
423 337 491 395 τών
524 328 689 396 ἐπιπέδων
716 327 772 394 καὶ
799 323 820 414 ἡ
848 337 909 394 τοῦ
937 327 1045 411 κύβου
1073 328 1149 395 διοί-

132 460 250 520 μετρος
273 437 349 522 δίχα
371 434 551 521 τέμνουσιν
573 432 732 521 ἀλλήλας·
757 431 838 521 ὅπερ
862 438 929 501 ἔδει
954 437 1069 516 δείξαι.

603 665 676 733 W.

192 803 279 874 Ἐὰν
302 799 323 894 ᾖ
348 805 418 875 δύο
437 812 637 894 πρίσματα
658 811 820 893 ἰσοϋψῆ,
843 805 968 875 καὶτὸ
988 805 1057 893 μὲν
1078 812 1146 896 ἔχη

93 933 110 983 σ
129 914 247 998 βάσιν
271 911 703 1000 παραλληλόγραμμον,
726 910 769 981 τὸ
793 911 836 980 δὲ
854 918 1066 1001 τρίγωνον,
1087 917 1146 981 ὄι-

128 1020 298 1088 πλοίσιον
333 1019 376 1087 δὲ
407 1011 428 1108 ᾖ
456 1017 498 1086 τὸ
526 1017 942 1106 παραλληλόγραμμον
969 1023 1040 1087 τοῦ
1062 1045 1146 1106 τρι-

128 1124 273 1213 γώνου,
298 1133 363 1192 ίσα
386 1130 495 1193 ἔσται
517 1122 561 1191 τὰ
585 1130 791 1212 πρίσματα.

186 1231 294 1300 Ἔστω
341 1231 403 1300 δύο
450 1235 616 1317 πρίσματα
658 1235 781 1317 ἰσοϋψῆ
823 1228 864 1298 τὰ
905 1238 1146 1318 ΑΒΓΔΕΖ,

128 1343 371 1422 ΗΘΚΛΜΝ,
398 1338 454 1404 καὶ
480 1336 518 1404 τὸ
543 1336 603 1423 μὲν
628 1337 725 1422 ἐχέτω
748 1338 849 1422 βάσιν
871 1335 909 1406 τὸ
933 1346 998 1404 ΑΖ
1020 1346 1147 1426 παραλ-

78 1463 111 1512 1ο
130 1442 379 1529 ληλόγραμμον,
402 1441 440 1512 τὸ
465 1442 502 1510 δὲ
525 1441 562 1511 τὸ
582 1450 689 1510 ΗΘΚ
706 1448 883 1531 τρίγωνον,
908 1444 1088 1513 διπλάσιον
1108 1444 1163 1514 δὲ·

131 1553 213 1617 ἔστω
236 1547 274 1616 τὸ
295 1557 359 1616 ΑΖ
382 1548 729 1638 παραλληλόγραμμον
748 1552 809 1617 τοῦ
832 1555 943 1616 ΗΘΚ
963 1549 1146 1638 τριγώνου·

128 1658 225 1742 λέγω,
241 1653 293 1724 ὅτι
308 1664 383 1723 ἴσον
397 1657 466 1723 ἐστὶ
479 1654 517 1724 τὸ
528 1661 729 1723 ΑΒΓΔΕΖ
743 1661 869 1743 πρίσμα
884 1659 929 1748 τῷ
940 1664 1150 1725 ΗΘΚΛΜΝ

126 1767 293 1850 πρίσματι.

194 1867 504 1955 Συμπεπληρώσθω
532 1865 596 1957 γὰρ
623 1867 664 1936 τὰ
686 1871 765 1954 ΑΞ,
798 1876 836 1936 Η
840 1875 868 1935 0
897 1868 1022 1957 στερεοί.
1074 1870 1145 1938 ἐπεὶ

76 1993 108 2044 15
127 1976 307 2043 διπλάσιόν
335 1978 404 2044 ἐστι
430 1973 468 2044 τὸ
492 1983 557 2042 ΑΖ
583 1974 932 2063 παραλληλόγραμμον
953 1979 1015 2043 τοῦ
1038 1982 1148 2044 ΗΘΚ

127 2084 310 2170 τριγώνου,
348 2086 416 2150 ἔστι
453 2081 490 2150 δὲ
526 2082 580 2148 καί
617 2078 655 2149 τό
693 2089 761 2149 ΘΚ
794 2082 1146 2169 παραλληλόγραμμον

131 2188 309 2256 διπλάσιον
332 2193 393 2256 τοῦ
411 2194 518 2255 ΗΘΚ
539 2189 722 2277 τριγώνου,
746 2196 823 2255 ίσον
847 2185 912 2275 ἄρα
936 2189 1005 2256 ἐστὶ
1024 2188 1062 2257 τὸ
1077 2197 1111 2256 Α
1118 2197 1146 2258 Ζ
1216 2224 1220 2229 ·

129 2293 477 2383 παραλληλόγραμμον
499 2298 544 2384 τῷ
568 2300 636 2360 ΘΚ
657 2293 1000 2385 παραλληλογράμμῳ.
1041 2293 1081 2362 τίι
1107 2295 1145 2365 δὲ

132 2400 185 2468 ἐπὶ
212 2408 296 2467 ἴσων
323 2397 455 2485 βάσεων
484 2396 566 2467 ὄντα
598 2398 713 2484 στερεὰ
745 2405 1056 2487 παραλληλεπίπεδα
1087 2404 1145 2470 καὶ

76 2525 112 2575 20
130 2503 197 2574 ὑπὸ
219 2504 258 2573 τὸ
283 2502 365 2572 αὐτὸ
389 2503 475 2585 ὕψος
499 2514 555 2572 ίσα
578 2503 735 2592 ἀλλήλοις
757 2508 860 2574 ἐστίν·
884 2515 960 2575 ἴσον
983 2505 1051 2597 ίίρα
1075 2508 1145 2576 ἐστὶ

127 2610 164 2679 τὸ
194 2613 261 2687 ΑΞ
286 2609 420 2698 στερεὸν
447 2615 493 2703 τῷ
521 2618 591 2679 ΗΟ
619 2616 750 2703 στερεῷ.
805 2618 864 2680 καί
893 2616 962 2681 ἐστι
993 2617 1055 2682 τοῦ
1082 2615 1145 2700 μὲν

126 2720 194 2795 ΑΞ
224 2721 361 2805 στερεοῦ
392 2715 495 2804 ἥμισυ
526 2717 564 2786 τὸ
597 2725 798 2787 ΑΒΓΔΕΖ
830 2725 972 2807 πρίσμα,
1008 2724 1070 2788 τοῦ
1107 2721 1146 2791 δὲ

128 2831 196 2892 ΗΟ
234 2826 370 2913 στερεοῦ
405 2821 509 2910 ἥμισυ
548 2822 586 2893 τὸ
623 2831 853 2892 ΗΘΚΛΜΝ
885 2831 1025 2912 πρίσμα·
1067 2835 1144 2895 ἴσον

199 3096 223 3147 3,
244 3088 273 3160 μ’
295 3089 375 3145 codd.
396 3090 471 3159 (inF
491 3107 547 3158 seq.
567 3106 621 3145 ras,
643 3097 656 3142 1
676 3089 750 3159 litt).
814 3096 855 3145 10.
875 3089 921 3163 δέ]
941 3089 973 3146 δὲ
993 3089 1094 3146 λοιιιόν
1113 3093 1143 3148 F.

199 3158 242 3232 τό]
260 3182 274 3215 ο
293 3179 308 3216 ε
329 3178 398 3216 corr.
417 3179 454 3215 m.
474 3166 490 3215 2
509 3159 541 3217 B.
599 3156 748 3215 διπλάσιον
762 3168 854 3216 -11,
873 3159 1024 3234 τριγώνου]
1044 3179 1097 3218 om.
1112 3164 1143 3219 F.
1206 3162 1225 3209 ⁸

183 3238 224 3287 14.
244 3233 316 3303 ΗΟ]
335 3233 364 3287 in
382 3249 436 3288 ras.
455 3250 492 3288 m.
513 3231 581 3299 2V;
602 3235 632 3285 H
648 3247 664 3285 ο
683 3247 752 3289 corr.
771 3251 808 3287 m.
827 3250 881 3287 rec.
897 3234 928 3290 P.
987 3233 1061 3288 Ante
1080 3230 1149 3289 ἐπεί

128 3303 191 3358 add.
206 3304 259 3356 καί
273 3321 309 3358 m.
326 3309 394 3356 1-2
409 3303 441 3358 V.
500 3310 540 3357 16.
556 3300 632 3357 ἔστιν
646 3303 676 3357 Β.
733 3301 792 3358 ἔστι
806 3335 840 3344 -
856 3309 898 3358 17.
916 3325 960 3374 τρι
979 3301 1066 3376 ώνον]
1086 3323 1143 3376 mg.

20 3444 23 3449 ι
128 3390 165 3428 m.
184 3373 245 3428 Π.
304 3378 377 3428 «18.
397 3371 442 3445 δέ]
462 3369 492 3428 δ’
512 3373 542 3430 F.
628 3379 671 3428 20.
690 3375 749 3443 ίσα]
769 3392 823 3430 om.
842 3375 872 3431 F.
960 3324 1047 3447 έστίν]
1068 3370 1145 3431 ἐστὶν

129 3445 190 3499 ἴσον
208 3443 239 3511 Β,
260 3439 334 3497 ἐστὶν
353 3445 401 3498 ἴσα
419 3462 456 3498 m.
476 3450 501 3499 2.
564 3451 608 3500 21.
628 3449 658 3498 H
663 3446 698 3516 0]
720 3449 818 3501 Onon
836 3446 926 3515 liquess
944 3446 1003 3503 FV.
1069 3443 1144 3503 ἔστιν

124 3512 160 3569 Β.
215 3519 257 3570 22.
277 3517 423 3570 ΑΒΓΔΖΕ
442 3515 472 3583 F,
492 3533 560 3570 corr.
578 3533 615 3571 m.
635 3522 660 3571 2.
733 3523 776 3573 23.
796 3519 873 3573 ΗΘῬ
892 3518 922 3572 F.

70 3602 148 3704 k
