2468 3952
84 109 149 174 168
455 108 658 161 ΣΤΟῙΧΕΙΩΝ
676 106 727 178 ιβ’·

84 250 176 319 ἐστὶν
194 247 376 317 άδύναπον.
405 246 467 318 οὐκ
485 248 552 337 άρα
571 249 662 317 ἐστὶν
681 245 728 329 ὡς
745 245 766 333 ἡ
785 254 892 317 ΑΒΓ
905 247 1005 334 βάσις
1022 245 1109 337 πρδς

84 356 147 442 τὴν
167 363 267 422 ΔΕΖ
290 354 402 441 βάσιν,
421 353 527 436 οὕτως
544 353 565 442 ἡ
584 360 731 423 ΑΒΓΗ
744 356 890 445 πυραμὶς
907 353 992 445 πρὸς
1011 359 1108 423 ἔλασ-

87 462 149 531 σόν
167 487 199 528 τι
213 472 272 548 τῆς
287 469 422 529 ΔΕΖΘ
440 466 628 550 πυραμίδος
647 464 791 550 στερεόν.
815 460 939 550 ὁμοίως
958 460 1000 548 δὴ
1019 464 1108 548 δειχ-

86 568 242 656 θήσεται,
271 565 322 634 ὅτι
351 568 432 636 οὐδὲ
455 566 500 648 ὡς
523 566 543 654 ἡ
569 575 670 634 ΔΕΖ
696 567 795 654 βάσις
816 566 901 656 πρὸς
922 567 985 655 τὴν
1004 571 1114 636 ΑΒΓ

50 692 67 742 σ
86 675 203 763 βάσιν,
229 676 335 756 οὕτως
357 673 378 762 η
404 682 538 743 ΔΕΖΘ
560 676 706 763 πυραμὶς
728 673 813 763 πρὸς
835 673 972 743 ἔλαττόν
994 698 1028 742 τι
1048 684 1110 760 τῆς

87 789 228 850 ΑΒΓΗ
249 785 438 871 πυραμίδος
461 780 606 868 στερεόν.
1204 769 1205 776 ¹

155 891 252 974 Λέγω
282 888 340 975 δη,
369 886 420 956 ὅτι
447 891 510 955 οὐκ
538 893 628 956 ἔστιν
657 886 738 956 οὐδὲ
765 885 810 967 ὡς
839 884 860 974 ἡ
884 892 988 955 ΑΒΓ
1010 887 1111 972 βάσις

88 992 173 1082 πρὸς
194 994 257 1080 τὴν
276 1002 377 1062 ΔΕΖ
400 993 513 1080 βάσιν,
538 992 644 1074 οὕτως
662 991 683 1081 ἡ
703 1000 848 1063 ΑΒΓΗ
860 994 1007 1081 πυραμίς
1024 992 1111 1083 πρὸς

90 1100 204 1188 μεῖζόν
227 1127 258 1168 τι
281 1105 340 1186 τῆς
364 1107 500 1169 ΔΕΖΘ
522 1105 712 1189 πυραμίδος
734 1099 880 1189 στερεόν.

38 1224 70 1273 10
158 1212 202 1274 Εί
219 1207 283 1292 γάρ
304 1206 463 1293 δυνατόν,
487 1211 570 1274 ἔστω
588 1205 672 1296 πρὸς
691 1212 803 1293 μεῖζον
821 1206 858 1275 τὸ
873 1215 915 1275 Χ·
939 1203 1111 1274 άνάπαλιν

90 1313 156 1399 άρα
185 1313 275 1381 ἐστὶν
303 1309 348 1391 ὡς
375 1311 395 1398 ἡ
420 1320 521 1380 ΔΕΖ
548 1312 645 1399 βάσις
673 1312 757 1401 πρὸς
784 1311 848 1399 τὴν
870 1318 973 1381 ΑΒΓ
995 1313 1111 1400 βάσιν,

92 1416 198 1497 οὕτως
220 1417 257 1484 τὸ
282 1425 316 1483 X
336 1417 471 1504 στερεὸν
494 1417 578 1508 πρὸς
599 1417 662 1505 τὴν
686 1425 830 1487 ΑΒΓΗ
847 1423 1029 1506 πυραμίδα.
1066 1415 1112 1498 ὥς
1136 1492 1139 1499 ,

92 1524 130 1593 δὲ
157 1523 194 1592 τὸ
220 1532 254 1591 Χ
272 1523 407 1613 στερεὸν
430 1525 514 1614 πρὸς
540 1522 602 1612 τὴν
626 1531 770 1593 ΑΒΓΗ
787 1528 975 1611 πυραμίδα,
1003 1522 1113 1604 οὕτως

92 1628 112 1718 η
134 1638 270 1699 ΔΕΖΘ
292 1631 438 1718 πυραμὶς
460 1629 543 1719 πρὸς
562 1631 705 1699 ἔλασσόν
723 1657 755 1698 τι
773 1635 831 1718 τῆς
850 1637 995 1699 ΑΒΓΗ
1006 1655 1112 1719 πνρα-

40 1752 73 1802 15
93 1741 205 1825 μίδος,
235 1735 280 1818 άς
308 1742 500 1826 ἔμπροσθεν
528 1739 677 1825 ἐδείχθη·
707 1739 763 1805 καὶ
792 1735 837 1817 ὡς
864 1736 930 1826 άρα
956 1733 977 1823 ἡ
1006 1743 1114 1805 ΔΕΖ

94 1843 193 1930 βάσις
210 1842 294 1930 πρὸς
312 1842 375 1931 τὴν
393 1849 498 1911 ΑΒΓ
511 1843 623 1931 βάσιν,
648 1845 754 1924 οὕτως
772 1841 792 1931 ἡ
814 1851 948 1912 ΔΕΖΘ
966 1842 1115 1931 πυραμὶς

94 1949 177 2038 πρὸς
201 1950 344 2018 ἔλασσόν
367 1978 398 2019 τι
421 1955 480 2037 τῆς
499 1957 639 2018 ΑΒΓΗ
659 1955 859 2039 πυραμίδος·
883 1948 964 2037 ὅπερ
984 1948 1114 2017 άποπον
1156 2028 1160 2035 Ι

95 2058 240 2143 ἐδείχθη.
292 2054 354 2123 οὐκ
381 2055 447 2144 άρα
475 2057 566 2125 ἐστὶν
591 2054 635 2135 ὡς
657 2053 678 2142 ἡ
702 2061 806 2124 ΑΒΓ
824 2055 921 2141 βάσις
943 2053 1028 2144 πρὸς
1050 2052 1116 2141 τὴν

97 2169 198 2229 ΔΕΖ
221 2161 331 2247 βάσιν,
355 2161 461 2242 οὕτως
483 2160 503 2248 ἡ
524 2169 669 2230 ΑΒΓΗ
682 2161 827 2251 πυραμὶς
849 2160 934 2249 πρὸς
951 2159 1066 2248 μεῖζόν
1082 2187 1116 2228 τι

43 2283 78 2332 νο
96 2271 156 2354 τῆς
175 2274 312 2334 ΔΕΖΘ
334 2272 521 2355 πυραμίδος
545 2269 689 2356 στερεόν.
727 2270 863 2355 ἐδείχθη
888 2267 936 2352 δί,
960 2264 1012 2336 ὅτι
1031 2263 1117 2335 οάδδ

96 2372 181 2461 πρὸς
204 2378 356 2441 ἔλασσον.
393 2378 482 2442 ἔστιν
506 2372 572 2461 άρα
596 2373 640 2455 ὡς
663 2372 684 2462 ἡ
703 2380 807 2442 ΑΒΓ
825 2375 922 2460 βάσις
943 2372 1029 2462 πρὸς
1052 2370 1117 2460 τὴν

98 2486 202 2548 ΔΕΖ
239 2479 356 2564 βάσιν,
394 2477 499 2560 οὕτως
535 2478 555 2568 ἡ
588 2487 732 2549 ΑΒΓΗ
763 2480 907 2567 πυραμὶς
938 2477 1021 2568 πρὸς
1052 2476 1117 2566 τὴν
1223 2491 1224 2494 “

99 2593 235 2653 ΔΕΖΘ
256 2590 440 2673 πυραμίδα·
465 2584 545 2674 ὅπερ
570 2590 637 2654 ἔδει
661 2589 776 2669 δεῖξαι.

587 2834 630 2906 ε’.

47 2970 82 3020 26
168 2959 220 3024 Αί
246 2954 321 3024 ὑπὸ
349 2956 390 3026 τδ
420 2957 515 3026 αὐτὸ
545 2957 645 3039 ὕψος
673 2950 788 3026 οὖσαι
811 2959 1030 3046 πυραμίδες
1053 2956 1120 3025 καὶ

101 3064 364 3149 πολυγώνους
383 3069 544 3151 ἔχουσαι
563 3063 700 3152 βάσεις
714 3063 811 3154 πρὸς
825 3063 997 3151 ἀλλήλας
1012 3062 1123 3131 είσίν

102 3166 152 3247 ὡς
175 3173 216 3236 αί
237 3168 380 3254 βάσεις.

101 3297 210 3304 ...η--

175 3368 199 3417 2.
220 3360 334 3419 ἔλαττον
353 3366 387 3421 V.
460 3373 485 3422 3.
505 3366 631 3437 ΔΕΖΘ]
652 3368 676 3421 Θ
696 3382 763 3421 erae.
783 3363 817 3431 P;
838 3365 988 3420 ΔΕΖΗΘ
1005 3380 1032 3431 q.

105 3432 237 3503 δείξομεν
256 3433 289 3488 V.
364 3441 387 3492 5.
409 3434 526 3492 ἔλασσον
545 3438 575 3492 Β.
650 3445 691 3492 11.
711 3432 728 3504 ἡ
749 3431 864 3508 βάσιςὴ
885 3438 970 3490 ΔΕΖ
987 3434 1047 3503 Vq.
