2468 3952
224 204 228 209 ·
353 204 629 256 saumariorum
648 204 757 254 arnna
775 205 835 257 xn.
1034 201 1093 266 191

86 367 233 432 gramma
255 348 290 411 in
312 349 409 421 rectis
432 353 512 432 AB,
535 350 605 431 ΒΓ,
627 350 702 431 ΓΔ,
726 351 796 410 ΔΑ
819 347 984 430 explemus
1009 350 1042 410 et
1064 347 1099 410 in

60 464 64 470 '
84 454 125 518 iis
144 454 247 519 solida
265 456 539 540 parallelepipeda
563 454 781 520 construimus
800 452 934 518 eandem
953 452 1098 517 altitudi-

83 581 158 624 nem
181 560 345 648 habentia,
368 585 465 647 quam
488 562 660 647 cylindrus
683 560 842 659 prismata
865 559 900 623 in
921 560 1096 645 triangulis

84 670 198 750 ΑΕΒ,
225 671 332 751 ΒΖΓ,
364 673 483 753 ΓΗΔ,
512 674 615 733 ΔΘΑ
643 669 829 732 constructa
857 664 988 731 dimidia
1021 669 1098 729 sunt

84 771 285 857 singulorum
331 771 723 861 parallelepipedorum¹);
764 777 798 838 et
835 774 1004 858 segmenta
1044 792 1096 854 cy-

83 879 180 943 lindri
203 881 332 946 minora
356 887 432 948 sunt
455 882 566 947 solidis
590 879 887 965 parallelepipedis,
916 899 998 962 quae
1022 898 1096 941 eon·

33 972 38 976 ’
83 986 273 1071 struximus3
297 1011 396 1073 quare
418 990 576 1073 prismata
598 991 634 1053 in
656 988 830 1072 triangulis
854 989 968 1069 ΑΕΒ,
992 987 1096 1068 ΒΖΓ,

83 1094 202 1178 ΓΗΔ,
231 1098 334 1159 ΔΘΑ
362 1100 547 1161 constructa
575 1096 700 1160 maiora
727 1099 805 1158 sunt
838 1114 935 1176 qnam
962 1091 1096 1154 dimidia

83 1204 325 1284 segmentorum
353 1202 489 1286 cylindri
518 1203 558 1267 ad
587 1223 625 1266 ea
647 1200 888 1285 pertinentium.
934 1199 1052 1282 itaque,
1068 1197 1095 1260 si

82 1327 175 1370 arcus
206 1307 339 1372 relictos
366 1310 401 1372 in
429 1309 509 1373 duas
536 1312 646 1392 partes
671 1307 820 1390 aequales
844 1304 1038 1371 senuerimus
1063 1308 1097 1366 et

81 1415 187 1477 rectas
219 1413 404 1478 duxerimus
433 1418 466 1478 et
494 1415 529 1479 in
562 1416 698 1500 singulis
729 1412 905 1498 triangulis
937 1411 1096 1494 prismata

82 1519 355 1584 construxerimus
375 1521 509 1586 eandem
525 1521 731 1586 altitudinem
744 1519 908 1602 habentia,
928 1539 1026 1601 quam
1040 1539 1094 1600 cy-

80 1624 215 1709 lindrus,
239 1629 273 1690 et
293 1625 356 1691 hoe
380 1648 507 1712 semper
530 1629 710 1711 fecerimus,
731 1625 837 1691 frusta
859 1623 1018 1709 quaedam
1042 1645 1094 1706 cy-

81 1731 180 1796 lindri
203 1732 429 1816 relinquemus,
452 1756 535 1819 quae
554 1735 680 1799 minora
698 1736 774 1799 sunt
793 1752 933 1812 excessu,
957 1751 1021 1813 quo
1041 1750 1093 1811 oy·

79 1837 248 1902 lindrust
234 1839 367 1922 triplum
396 1842 469 1905 coni
493 1841 618 1905 excedit
604 1840 699 1924 t[X,
724 1841 766 1920 1].
811 1837 1037 1954 relinquantur
1060 1837 1094 1898 et

79 1944 146 2008 srnt
163 1948 244 2028 ΑΕ
268 1949 347 2024 ΕΒ,
371 1951 447 2030 ΒΖ,
467 1951 544 2031 ΖΓ,
567 1950 647 2030 ΓΗ,
670 1950 756 2027 ΗΔ,
776 1947 856 2027 ΔΘ,
874 1937 1093 2024 ΘΑ.ἱ1Βει(]υθ

78 2050 163 2134 quod
190 2051 386 2135 relinquitur
412 2054 551 2136 prisma,
582 2053 671 2118 cuius
699 2051 789 2117 basis
817 2054 867 2115 est
889 2049 1092 2135 polygonum

78 2151 372 2241 ΑΕΒΖΓΗΔΘ,
410 2159 550 2223 altitudo
589 2163 697 2223 autem
730 2157 841 2223 eadem
874 2178 912 2221 ae
944 2154 1093 2235 cylindri,

80 2263 185 2327 maius
213 2266 263 2327 est
290 2285 386 2347 quam
415 2265 514 2349 triplo
547 2265 651 2330 maius
682 2287 772 2330 cono.
821 2285 933 2328 uerum
961 2262 1093 2346 prisma,

78 2369 169 2433 euius
199 2369 288 2434 basis
317 2374 368 2434 est
399 2370 601 2455 polygonum
629 2374 920 2449 ΑΕΒΖΓΗΔΘ,
954 2368 1092 2434 altitudo

78 2479 186 2540 autem
210 2475 322 2540 eadem
346 2498 383 2541 ae
405 2475 558 2562 cylindri,
585 2478 684 2561 triplo
712 2478 817 2542 maius
841 2481 891 2541 est
914 2473 1092 2559 pyramide,

77 2583 167 2646 euius
204 2581 293 2647 basis
330 2586 380 2647 est
416 2585 618 2669 polygonum
655 2587 944 2666 ΑΕΒΖΓΗΔΘ,
981 2585 1092 2646 uertex

77 2693 186 2752 autem
208 2688 294 2753 idem
318 2711 355 2754 ae
378 2689 451 2754 coni
475 2693 579 2774 [prop.
603 2690 667 2756 VII
690 2690 824 2772 coroll.].
870 2710 969 2774 quare
993 2688 1092 2752 etiarn

76 2796 236 2880 pyramis,
265 2796 356 2861 euius
384 2796 472 2861 basis
500 2802 550 2862 est
576 2798 777 2883 polygonum
801 2798 1091 2877 ΑΕΒΖΓΗΔΘ,

76 2904 188 2966 uertex
212 2905 321 2966 autem
340 2903 425 2967 idem
445 2925 482 2968 ao
500 2904 583 2987 coni,
606 2905 710 2968 maior
729 2908 779 2968 est
798 2924 887 2986 cono,
911 2902 965 2985 qui
985 2900 1088 2965 basim

75 3006 175 3072 habet
193 3013 327 3074 ΑΒΓΔ
351 3010 514 3075 circulum.
551 3033 664 3076 uerum
688 3011 785 3075 etiam
804 3008 910 3073 minor
929 3012 979 3072 est
999 3005 1089 3092 (nam

77 3129 288 3148 -ι-,ῲ-ῃ

147 3204 174 3268 1)
196 3200 257 3255 Ηοο
277 3219 310 3256 ex
329 3201 379 3269 XI,
403 3207 437 3256 28
457 3203 600 3274 colligitur
618 3203 709 3258 ductis
728 3203 764 3257 ab
785 3204 821 3269 Β,
846 3204 880 3270 Ζ,
900 3204 940 3270 H,
962 3202 986 3255 Θ
1004 3200 1089 3256 rectis

74 3271 111 3324 ad
129 3277 192 3338 ΑΒ,
212 3277 271 3341 ΒΓ,
293 3278 356 3340 ΓΔ,
376 3278 424 3326 ΔΑ
443 3275 728 3344 perpendicularibus.

154 3472 197 3521 22
216 3464 337 3554 ndqu.
419 3474 461 3523 23
482 3464 551 3541 ἔστι]
572 3485 625 3525 om.
645 3470 674 3526 P.
752 3476 794 3526 24
814 3467 934 3560 utroq
1013 3465 1088 3525 ἐστίν

71 3537 102 3592 P.
175 3543 218 3592 25.
238 3558 325 3594 novoe
344 3557 374 3593 m
392 3556 445 3596 ras
465 3558 492 3610 q.
565 3546 608 3597 26
627 3537 694 3613 ὑπ’]
714 3558 784 3598 corr.
804 3524 908 3598 exdn’
928 3559 965 3596 m.
985 3543 1052 3596 2Β.
