2468 3952
143 212 209 277 262
516 213 716 266 monam
737 208 786 281 η’.

631 444 651 496 ς
666 478 673 491 .

206 547 294 616 Ἐὰν
327 545 468 617 εὐθεῖα
500 528 600 635 ῥητή
633 547 756 633 ἄκρον
788 550 854 615 καὶ
886 551 1008 634 μέσον
1037 546 1161 633 λόγον

142 659 287 743 τμηθῇ,
315 653 505 739 ἑκάτερον
533 666 610 722 τῶν
637 654 851 743 τμημάτων
878 653 1025 740 ἄλογός
1049 656 1161 720 ἐστιν

142 758 163 847 ἡ
186 761 412 846 καλουμένη
435 761 625 846 ἀποτομή.

106 887 123 934 ο
199 865 307 951 Ἔστω
331 863 449 934 εὐθεῖα
473 865 556 952 ῥητή
580 864 601 953 ἡ
619 874 683 934 ΑΒ
705 869 762 934 καὶ
783 869 960 953 τετμήσθω
978 864 1087 952 ἄκρον
1105 865 1160 932 καὶ

142 973 246 1058 μέσον
278 972 383 1058 λόγον
414 970 497 1038 κατὰ
528 972 568 1040 τὸ
595 978 632 1056 Γ,
664 973 720 1039 καὶ
747 978 830 1040 έστω
858 979 971 1059 μεῖζον
997 982 1112 1057 τμῆμα
1140 969 1160 1057 ή

142 1083 220 1145 ΑΓ·
249 1078 351 1164 λέγω,
375 1075 426 1145 ὅτι
449 1078 586 1164 ἑκατέρα
609 1083 678 1146 τῶν
697 1085 775 1163 ΑΓ,
798 1084 858 1146 ΓΒ
881 1076 1005 1164 ἄλογός
1028 1074 1160 1163 ἐστινὴ

141 1186 331 1270 καλουμένη
355 1181 517 1272 ἀποτομή.

207 1289 443 1377 Ἐκβεβλήσθω
466 1291 531 1378 γὰρ
555 1289 576 1377 ἡ
595 1298 677 1377 BA,
699 1283 755 1358 καὶ
778 1295 903 1358 κείσθω
925 1294 984 1377 τῆς
1002 1296 1069 1356 ΒΑ
1087 1287 1162 1376 ἡμί-

91 1415 124 1464 10
143 1416 217 1464 σειν
243 1393 264 1482 ἡ
290 1405 368 1467 ΑΛ.
413 1398 483 1466 ἐπεὶ
511 1391 575 1466 οὖν
603 1397 721 1465 εὐθεῖα
743 1394 765 1483 ή
789 1402 854 1462 ΑΒ
877 1396 1029 1482 τέτμηται
1054 1394 1162 1483 ἄκρον

142 1503 197 1569 καὶ
226 1504 329 1589 μέσον
357 1503 461 1590 λόγον
487 1502 571 1572 κατὰ
594 1503 633 1571 τὸ
656 1509 695 1589 Γ,
721 1503 775 1571 καὶ
799 1507 844 1594 τῷ
869 1508 994 1588 μείζονι
1017 1501 1163 1588 τμήματι

142 1620 188 1700 τῷ
212 1614 283 1678 ΑΓ
300 1612 491 1697 πρόσκειται
513 1609 534 1697 ή
560 1618 629 1676 ΑΔ
658 1607 790 1697 ἡμίσεια
819 1601 905 1676 οὖσα
927 1613 986 1695 τῆς
1007 1614 1091 1694 AB,
1123 1611 1161 1676 τὸ

143 1714 209 1804 ἄρα
236 1713 302 1784 ἀπὸ
330 1723 393 1784 ΓΔ
420 1720 481 1785 τοῦ
508 1714 573 1783 ἆιιὸ
602 1722 674 1781 ΔΑ
700 1713 947 1782 πενταπλάσιόν
975 1716 1075 1781 ἐστιν.
1123 1712 1162 1782 τὸ

143 1820 208 1909 ἄρα
231 1821 297 1890 ἀπὸ
317 1828 379 1890 ΓΛ
400 1846 483 1908 προς
501 1821 539 1889 τὸ
559 1821 625 1888 ιἰιιὸ
645 1829 711 1888 ΔΑ
730 1820 833 1908 λόγον
852 1826 929 1907 ἔχει,
953 1817 994 1888 ὃν
1014 1819 1164 1907 ἀριθμὸς

91 1947 124 1995 15
143 1927 226 2012 πρὸς
260 1926 425 2016 ἀριθμόν·
458 1926 650 2013 σύμμετρον
681 1924 748 2013 ἅμα
774 1924 813 1993 τὸ
841 1925 906 1992 ἀπὸ
931 1930 992 1992 ΓΔ
1019 1936 1065 2016 τῷ
1094 1922 1163 1993 ἀπὸ

144 2042 222 2101 ΛΑ.
269 2032 373 2120 ῥητὸν
395 2032 433 2100 δὲ
456 2030 494 2100 τὸ
518 2030 584 2100 ἀπὸ
610 2040 692 2098 ΔΑ·
717 2030 799 2118 ῥητή
823 2031 889 2117 γάρ
913 2033 1033 2115 [ἐστιν]
1058 2028 1165 2117 ήΔΑ

143 2136 277 2225 ἡμίσεια
301 2133 387 2207 οὖσα
409 2142 467 2224 τῆς
486 2146 551 2206 ΑΒ
576 2141 676 2224 ῥητῆς
700 2136 816 2223 οὔσης·
840 2136 944 2222 ῥητὸν
964 2134 1030 2221 ἄρα
1047 2136 1104 2204 καὶ
1124 2135 1163 2205 τὸ

143 2241 209 2311 ιἰιιὸ
233 2250 308 2311 ΓΔ·
332 2242 415 2330 ῥητή
439 2242 505 2330 ἅμα
529 2244 598 2311 ἐστὶ
621 2243 676 2310 καὶ
699 2239 720 2327 ή
745 2247 816 2310 ΓΛ.
860 2243 916 2308 καὶ
940 2243 1009 2309 ἐπεὶ
1032 2246 1070 2310 τὸ
1095 2239 1164 2311 ἀπὸ

143 2354 206 2416 ΓΔ
228 2347 312 2434 πρὸς
334 2348 372 2416 τὸ
396 2347 462 2416 ἀπὸ
482 2356 549 2416 ΔΑ
571 2347 675 2435 λόγον
700 2347 762 2416 οὐκ
785 2353 866 2436 ἔχει,
891 2345 931 2415 ὃν
953 2346 1165 2434 τετράγωνος

91 2474 125 2524 20
144 2452 290 2541 ἀριθμὸς
316 2452 400 2540 πρὸς
426 2453 639 2541 τετράγωνον
666 2452 831 2541 ἀριθμόν,
859 2452 1069 2541 ἀσύμμετρος
1096 2454 1165 2542 ἄρα

144 2560 240 2649 μήκει
263 2559 284 2645 ἡ
308 2566 370 2628 ΓΛ
391 2565 431 2648 τῇ
457 2570 535 2628 AA·
559 2565 597 2628 αἱ
616 2566 694 2646 ΓΔ,
719 2567 784 2626 ΛΑ
807 2558 873 2648 ἅμα
896 2563 996 2646 ῥηταί
1015 2564 1081 2627 εἰσι
1105 2564 1165 2628 ὃν·

144 2666 242 2753 νάμει
274 2665 382 2752 μόνον
416 2666 611 2753 σύμμετροι·
645 2663 797 2752 ἀποτομὴ
829 2667 896 2755 ἄρα
924 2667 1014 2733 ἐστὶν
1042 2662 1063 2751 ή
1087 2672 1163 2734 ΑΓ.

144 2773 261 2858 πάλιν,
290 2773 359 2840 ἐπεὶ
387 2770 407 2859 ἡ
433 2779 498 2840 ΑΒ
526 2770 632 2860 ἄκρον
663 2773 718 2839 καὶ
742 2773 846 2858 μέσον
869 2771 973 2858 λόγον
996 2773 1164 2859 τέτμηται,

216 2969 296 3022 Hane
311 2984 393 3055 prop.
413 2985 467 3023 om.
486 2967 537 3036 bq.
619 2972 644 3021 3.
665 2962 752 3036 ἐστιν]
772 2983 827 3034 mg.
847 2984 883 3021 m.
904 2972 919 3019 1
939 2967 971 3020 V.
1044 2972 1071 3020 4.
1090 2963 1165 3023 ἄτιο-

144 3036 229 3110 τομή]
250 3036 301 3108 ήητ
337 3038 370 3106 Β,
389 3056 458 3095 corr.
478 3057 515 3093 m.
535 3045 560 3094 2.
651 3035 1071 3108 ⁷.A1']Pinras.m.11³.

145 3117 167 3165 A
173 3117 207 3178 Β,
228 3115 283 3164 ΒΓ
298 3061 335 3177 g,
355 3127 424 3166 corr.
443 3129 480 3165 m.
500 3115 524 3165 2.
645 3113 670 3164 9.
691 3103 887 3180 ἐκβεβλήσθω]
907 3129 924 3162 κ
944 3125 1011 3164 corr.
1032 3125 1067 3162 ex
1087 3129 1106 3180 μ
1125 3129 1164 3165 m.

146 3183 211 3236 213.
298 3182 358 3252 τῆς]
378 3182 410 3252 τῇ
430 3180 461 3247 Β,
481 3197 550 3235 corr.
569 3198 605 3234 m.
625 3185 650 3232 2.
743 3184 784 3232 10.
803 3176 949 3250 τέτμηται]
969 3196 1022 3234 om.
1041 3178 1076 3234 V.

147 3258 188 3308 11.
209 3248 292 3320 λόγον
311 3251 444 3321 τέτμηται
463 3252 500 3307 V..
598 3256 638 3303 13.
657 3249 707 3317 τῆς
728 3254 777 3303 ΓΔ
797 3248 829 3303 V.
902 3252 1018 3317 τήςΔΑ
1038 3249 1072 3305 V.

146 3319 204 3378 ἐστι
223 3322 287 3375 BV.
369 3330 409 3378 14.
428 3323 478 3390 τῆς
499 3326 547 3375 ΓΔ
566 3322 600 3375 V.
672 3320 753 3390 προς]
773 3336 856 3389 supra
874 3339 910 3375 m.
931 3329 945 3375 1
965 3322 995 3375 P.
1067 3317 1114 3393 τό]
1135 3323 1166 3377 in

146 3410 200 3447 ras.
219 3393 343 3463 plurium
362 3393 417 3448 litt.
438 3410 474 3446 m.
496 3400 509 3446 1
530 3393 560 3446 P.
633 3392 751 3458 τήςΔΑ
770 3391 802 3444 V.
877 3399 918 3446 16.
939 3397 987 3445 ΑΔ
1005 3391 1048 3445 bis
1068 3390 1099 3445 P.

147 3460 216 3534 ήητή
236 3465 268 3518 V.
342 3461 385 3586 δέ)
404 3465 433 3517 in
452 3481 504 3517 ras.
524 3462 556 3516 V.
630 3459 662 3516 τό
681 3492 715 3502 -
734 3460 801 3532 γάρ]
821 3478 875 3516 om.
894 3462 928 3517 V.
1001 3456 1088 3532 ἐστιν]
1109 3480 1166 3518 om.

146 3534 176 3587 P.
260 3539 301 3588 18.
323 3529 398 3589 ἐστι
418 3535 448 3590 Β.
530 3540 573 3588 21.
594 3531 665 3587 εἰσιν
683 3531 743 3586 PB.

81 3654 126 3704 h
