2468 3952
132 174 199 238 254
506 177 709 230 ΣΤΟΙΧΕΙΩΝ
727 173 775 246 ιγ’.

565 373 716 458 Λήμμα.

190 493 261 565 Ὅτι
280 495 317 564 δὲ
336 493 356 582 ἡ
377 499 476 581 διπλή
496 506 554 582 τῆς
572 502 641 564 AF
655 501 776 584 μείζων
795 497 863 564 ἐστὶ
882 506 940 582 τῆς
954 502 1024 580 ΒΓ,
1044 493 1153 575 οὕτως

132 605 290 672 δεικτέον.

198 714 242 777 Ee
268 707 332 797 γὰρ
362 708 423 795 μή,
452 714 550 793 ἔστω,
579 712 610 788 εί,
637 708 798 792 δυνατόν,
826 705 847 794 ή
871 714 937 775 ΒΓ
961 711 1063 794 διπλῆ
1093 712 1152 794 τῆς

97 822 201 884 σΓΑ.
247 814 488 902 τετραπλάσιον
517 814 582 900 α”ρα
604 813 641 883 τὸ
662 813 727 883 ἀπὸ
752 819 810 902 τῆς
833 820 899 882 ΒΓ
916 818 977 882 τοῦ
1001 810 1068 882 ἀπὸ
1094 825 1153 900 τῆς

133 929 165 991 Γ
160 933 205 990 Α·
235 921 461 990 πενταπλάσια
485 919 550 1011 ἄρα
573 920 613 988 τὰ
638 919 703 989 αἰιτδ
726 931 795 990 τῶν
819 928 891 1006 ΒΓ,
918 926 976 988 FA
997 925 1060 989 τοῦ
1085 918 1151 989 ἀπὸ

131 1041 189 1117 τῆς
216 1037 285 1099 FA.
334 1026 507 1097 ὑπόκειται
540 1027 577 1096 δὲ
609 1028 665 1095 καὶ
696 1028 733 1096 τὸ
763 1025 828 1095 ἆττδ
857 1032 916 1113 τῆς
938 1035 1004 1095 BA
1031 1052 1153 1095 πεντα-

131 1138 275 1205 πλάσιον
303 1139 364 1203 τοῦ
388 1131 447 1202 dm*
480 1137 538 1221 τής
562 1140 635 1202 ΓΑ·
665 1135 702 1201 τὸ
727 1132 793 1221 ἄρα
817 1130 881 1201 ἀπὸ
906 1135 964 1219 τῆς
986 1140 1050 1201 BA
1074 1142 1152 1202 ἴσον

133 1242 202 1311 ἐστὶ
224 1255 294 1321 τοῖς
318 1237 384 1308 ἀπὸ
406 1244 475 1318 τῶν
495 1245 567 1326 ΒΓ,
591 1246 664 1307 FA·
689 1238 769 1327 ὅπερ
789 1237 968 1308 ἀδύνατον.
1001 1237 1065 1307 οὐκ
1085 1240 1152 1328 ἄρα

80 1348 152 1434 1οή
181 1354 241 1416 ΓΒ
270 1352 428 1415 διπλασία
456 1347 525 1414 ἐστὶ
552 1357 611 1432 τῆς
638 1352 712 1414 ΑΓ.
763 1344 886 1433 ὁμοίως
914 1344 956 1434 δή
986 1350 1153 1433 δείξομεν,

133 1452 183 1522 ὅτι
207 1450 287 1521 οὐδὲ
310 1449 330 1539 ἡ
356 1451 502 1520 ἐλάττων
524 1456 583 1538 τής
606 1458 663 1521 ΓΒ
688 1458 874 1521 διπλασίων
899 1454 967 1521 ἐστὶ
990 1457 1051 1540 τῆς
1074 1459 1152 1520 FA·

132 1568 244 1651 πολλῷ
268 1556 333 1649 γὰρ
359 1564 498 1646 [μεῖζον]
522 1557 561 1627 τὸ
585 1557 721 1629 ἄτοπον.

193 1663 240 1736 Ἡ
262 1664 328 1752 ἄρα
355 1668 414 1751 τῆς
437 1670 505 1732 AF
525 1667 624 1751 διττλή
649 1671 767 1752 μείζων
791 1665 860 1733 ἐστὶ
883 1670 941 1752 τῆς
965 1672 1040 1734 ΓΒ·
1069 1664 1152 1755 ὅπερ

132 1777 200 1841 ἔδει
224 1776 337 1854 δεῖξαι.

80 1936 113 1983 15
619 1912 663 1999 γ’.

196 2037 283 2107 ’Βὰν
308 2035 448 2107 εὐθεῖα
471 2037 629 2126 γραμμή
654 2037 778 2127 ἄκρον
800 2039 864 2106 καὶ
888 2040 1008 2126 μέσον
1026 2038 1152 2126 λόγον

132 2148 278 2232 τμηθῇ,
301 2143 344 2212 τδ
369 2150 538 2213 ἔλασσον
560 2148 689 2232 τμῆμα
712 2143 943 2231 προσλαβὸν
966 2143 1038 2232 τήν
1063 2143 1153 2232 ήμί-

133 2271 246 2318 σειαν
264 2253 334 2318 τοῦ
353 2257 534 2336 μείζονος
552 2250 750 2338 τμήματος
764 2251 1064 2320 πενταπλάσιον
1085 2250 1153 2320 δύ-

133 2383 248 2425 ναται
272 2360 342 2423 τοῦ
366 2355 439 2424 ἀπὸ
464 2368 532 2444 τῆς
555 2355 736 2445 ἡμισείας
757 2362 827 2426 τοῦ
851 2364 1034 2445 μείζονος
1056 2356 1154 2445 τμή-

79 2485 114 2536 20
133 2489 252 2551 ματος
273 2463 535 2551 τετραγώνου.
558 2451 596 2574 'J

200 2568 331 2637 Βύθελα
362 2567 427 2657 γάρ
459 2596 509 2650 τις
539 2567 560 2657 ή
591 2577 654 2637 AB
687 2569 794 2660 ἄκρον
825 2571 880 2638 καὶ
913 2572 1017 2657 μέσον
1045 2570 1154 2657 λόγον

132 2673 307 2760 τετμήσθω
331 2673 414 2742 κατὰ
438 2672 475 2744 τὸ
496 2681 528 2743 Γ
546 2691 702 2763 σημεῖον,
725 2676 780 2743 καὶ
804 2682 887 2745 έστω
907 2683 1019 2764 μεῖζον
1038 2681 1153 2765 τμῆμα

132 2779 170 2848 τὸ
195 2787 270 2866 AF,
298 2780 354 2847 καὶ
376 2780 553 2868 τετμήσθω
576 2780 597 2869 ή
621 2789 690 2851 AF
709 2786 785 2869 δίχα
808 2783 891 2850 κατὰ
915 2781 952 2851 τὸ
977 2791 1025 2850 Δ·
1052 2785 1154 2870 λέγω,

55 2909 59 2916 ·
134 2885 184 2955 ὅτι
202 2885 451 2956 πενταπλάσιόν
470 2890 540 2956 ἐστι
557 2887 595 2956 τὸ
616 2886 681 2956 ἀπὸ
695 2892 754 2975 τής
767 2894 832 2955 ΒΔ
845 2893 906 2956 τοῦ
921 2887 986 2958 ἀπὸ
1002 2899 1061 2978 τῆς
1076 2896 1153 2959 ΔΓ.

79 3016 114 3065 25
198 2991 461 3081 Ἀναγεγράφθω
493 2992 557 3082 γὰρ
590 2992 656 3062 ἆτιὸ
689 2998 747 3081 τῆς
774 3002 839 3062 ΑΒ
871 2995 1084 3083 τετράγωνον
1112 2996 1151 3066 τὸ

134 3097 219 3188 ΑΒ,’
233 3103 289 3170 καὶ
308 3101 577 3190 καταγεγράφθω
597 3105 740 3169 διπλοῦν
759 3100 797 3170 τό
818 3106 937 3188 σχῆμα.
961 3103 1029 3173 ἐπεὶ
1049 3108 1152 3192 διπλῆ

134 3211 224 3278 ἐστιν
251 3206 272 3296 ἡ
295 3215 366 3277 AF
387 3213 447 3295 τῆς
469 3214 546 3294 ΔΓ,
573 3208 815 3295 τετραπλάσιον
843 3207 909 3294 ἄρα
936 3208 974 3276 τὸ
1003 3206 1068 3277 ἀπὸ
1093 3214 1154 3297 τῆς

206 3446 229 3495 1,
249 3441 357 3510 λῆμμα]
378 3458 432 3495 om.
453 3440 532 3495 codd.
606 3447 631 3496 2.
652 3434 727 3495 ἐστίν
742 3441 772 3497 Ρ.
846 3435 920 3495 οὕτω
934 3441 966 3496 Β.
1042 3446 1083 3496 10.
1100 3446 1158 3495 ΒΓ

133 3511 163 3565 Ρ.
237 3513 391 3565 διπλασίων
412 3510 442 3565 Ρ.
516 3506 590 3566 ἐστίν
609 3513 640 3566 B.
719 3519 760 3566 11.
779 3507 809 3583 ἡ]
830 3529 883 3568 om.
903 3512 934 3582 B,
958 3512 1010 3568 ins.
1030 3530 1067 3566 m.
1090 3519 1104 3565 1
1124 3513 1153 3582 b,

153 3638 200 3772 ἢ
244 3598 894 3753 κρεμαμιτμρτίνμιξγῑρ
916 3601 1074 3724 535),-
