2468 3952
138 217 181 283 54
508 218 712 271 ΣΤοΙΧοιοα
730 213 782 271 ια’.

136 359 193 427 διὰ
215 362 284 427 τῶν
308 365 411 427 ΒΑΓ
430 361 573 449 ἐπιπέδῳ
598 367 653 446 ίση
677 357 697 446 ἡ
720 357 786 427 ὑπὸ
808 366 925 446 ΒΑΕ,
947 360 1003 428 καί
1026 364 1152 429 κείσθω

134 470 173 554 τῇ
194 473 265 532 ΑΔ
289 473 345 551 ίση
369 463 389 551 ἡ
410 473 490 550 ΑΕ,
514 466 570 532 καί
594 464 651 534 διὰ
674 470 735 534 τοῦ
759 475 791 535 Ε
812 473 952 554 σημείου
976 470 1155 554 διαχθεῖσα

134 569 155 660 ἡ
180 578 281 639 ΒΕΓ
299 574 442 659 τεμνέτω
466 571 525 652 τὰς
547 580 628 658 ΑΒ,
648 577 717 641 ΑΓ
736 573 872 653 εὐθείας
893 572 978 641 κατὰ
999 572 1039 639 τδι
1064 581 1108 659 Β,
1126 580 1159 641 Γ

135 691 266 765 σημεῖα,
289 680 345 746 καὶ
368 678 623 765 ἐπεζεύχθωσαν
647 682 685 745 αί
701 686 783 765 ΔΒ,
807 684 883 747 ΔΓ.
919 679 976 747 καὶ
999 680 1069 748 ἐπεὶ
1098 687 1154 767 ίση

101 786 226 854 οέστὶν
259 783 279 872 ἡ
310 794 380 853 ΔΑ
411 789 451 874 τῇ
480 793 562 870 ΑΕ,
594 784 691 871 κοινὴ
726 785 763 853 δέ
794 783 815 871 ἡ
843 794 924 872 ΑΒ,
957 788 1020 854 δύο
1054 787 1154 855 δυσίν

135 901 220 959 ίσαι·
243 892 298 959 καί
312 898 419 978 γωνία
437 888 457 978 ἡ
484 890 550 959 ὑπὸ
567 899 670 959 ΔΑΒ
694 895 801 982 γωνία
818 895 858 980 τῇ
878 889 944 960 ὑπὸ
964 899 1067 961 ΒΑΕ
1084 900 1155 979 ίση·

134 997 232 1085 βάσις
260 998 325 1085 ἄρα
352 996 372 1085 ἡ
398 1005 464 1065 ΔΒ
492 1000 589 1084 βάσει
616 1003 655 1088 τη
679 1006 746 1066 ΒΕ
767 1001 857 1067 ἐστιν
886 1008 951 1086 ίση.
1000 999 1055 1066 καί
1084 1000 1154 1067 ἐπεὶ

135 1107 198 1173 δύο
221 1107 260 1171 αί
273 1112 301 1172 Β
309 1113 356 1190 Δ,
376 1111 445 1173 ΔΓ
463 1108 521 1191 τῆς
536 1111 602 1173 ΒΓ
620 1105 766 1192 μείζονές
788 1110 885 1190 είσιν,
909 1097 958 1174 ῶν
981 1102 1002 1192 ἡ
1022 1113 1089 1173 ΔΒ
1111 1110 1152 1194 τῇ

136 1219 206 1279 ΒΕ
232 1213 367 1298 ἐδείχθη
398 1218 469 1298 ίση,
502 1210 602 1297 λοιπη
630 1208 696 1298 ἄρα
722 1208 744 1297 ἡ
772 1215 845 1278 ΔΓ
867 1216 985 1299 λοιπῆς
1010 1215 1069 1298 τῆς
1092 1219 1159 1280 ΕΓ

84 1338 116 1388 10
135 1322 255 1444 μείζων
290 1317 498 1385 ἐστίνκαὶ
535 1316 606 1384 ἐπεὶ
639 1324 694 1403 ίση
728 1314 863 1384 ἐστὶν
845 1344 867 1404 η
901 1326 972 1386 ΔΑ
1002 1322 1042 1407 τῇ
1071 1326 1155 1403 ΑΕ,

134 1449 231 1509 κοινη
266 1419 356 1508 δδὴ
385 1427 461 1507 ΑΓ,
493 1423 549 1489 καὶ
581 1419 726 1507 βόσις
709 1450 730 1548 η
761 1429 831 1490 ΔΓ
854 1425 984 1509 βασεως
1010 1429 1069 1511 τῆς
1091 1430 1159 1492 ΕΓ

136 1534 256 1616 μείζων
280 1529 382 1607 ἐστίν,
405 1533 512 1613 γωνία
537 1525 643 1615 ἄρα’
625 1524 732 1613 ηὑπδ
747 1534 854 1596 ΔΑΓ
868 1534 993 1615 γωνίας
1010 1540 1069 1616 τῆς
1087 1528 1153 1600 ὑπὸ

136 1640 242 1702 ΕΑΓ
261 1640 380 1720 μείζων
404 1636 502 1702 ἐστίν.
546 1636 618 1702 ἐδεί
603 1638 682 1721 ίχθη
711 1634 748 1702 δὲ
774 1633 871 1702 καὶ
853 1663 874 1722 η
897 1633 964 1703 ὑπὸ
987 1643 1091 1704 ΔΑΒ
1114 1647 1154 1725 τῇ

134 1737 199 1808 ὑπὸ
230 1747 335 1808 ΒΑΕ
361 1748 430 1827 ίση·
464 1743 501 1807 αί
527 1738 595 1829 ῶρα
623 1737 689 1809 ὑπὸ
719 1749 839 1824 ΔΑΒ,
869 1748 976 1810 ΔΑΓ
1000 1745 1058 1828 τῆς
1088 1739 1155 1810 ὑπὸ

84 1868 116 1917 15
136 1852 242 1914 ΒΑΓ
260 1847 406 1934 μείζονές
427 1852 524 1916 είσιν.
566 1843 689 1934 ὁμοίως
712 1846 754 1934 δὴ
779 1849 942 1934 δείξομεν,
970 1846 1021 1915 ὅτι
1039 1848 1096 1915 καὶ
1120 1851 1158 1915 αί

134 1953 249 2022 λοιπαὶ
269 1953 397 2022 σύνδυο
417 1952 668 2041 λαμβανόμεναι
685 1956 744 2040 τῆς
761 1958 880 2039 λοιπῆς
897 1953 1044 2040 μείζονές
1058 1957 1155 2021 είσιν.

199 2058 278 2126 Ἐὰν
311 2059 375 2147 ἄρα
409 2059 524 2147 στερεὰ
558 2065 664 2145 γωνία
696 2057 761 2126 ὑπὸ
795 2063 899 2145 τριῶν
925 2071 1058 2146 γωνιῶν
1087 2063 1155 2128 ἐπι·

135 2167 247 2233 πέδων
271 2167 470 2253 περιέχηται,
495 2164 558 2234 δύο
579 2162 758 2234 ὁποιαιοῦν
780 2169 839 2250 τῆς
862 2170 980 2253 λοιπῆς
1007 2169 1155 2254 μείζονές

136 2274 200 2338 είσι
223 2269 333 2358 πάντη
356 2270 703 2358 μεταλαμβανόμεναι·
727 2271 808 2360 ὅπερ
832 2275 900 2340 ἔδει
923 2274 1036 2354 δείξαι.

82 2506 117 2555 20
611 2484 676 2550 ια’.

196 2604 344 2674 ’Ἅπασα
358 2605 495 2694 στερεὰ
514 2612 639 2692 γωνία
657 2604 730 2676 ὑπὸ
751 2609 983 2677 ἐλασσόνων
1003 2607 1051 2695 [ἢ]
1071 2631 1153 2679 τεσ-

138 2712 273 2798 σάρων
297 2710 432 2800 ὀρθῶν
455 2716 613 2799 γωνιῶν
636 2714 836 2782 ἐπιπέδων
857 2717 1090 2804 περιέχεται.

196 2818 304 2886 Ἐστω
328 2817 443 2906 στερεὰ
467 2823 574 2905 γωνία
596 2816 617 2906 ἡ
636 2818 720 2905 πρὸς
737 2824 782 2912 τῶ
802 2829 834 2888 Α
852 2823 1068 2910 περιεχομένη
1087 2821 1153 2892 ὑπὸ

139 2927 304 2993 ἐπιπέδων
323 2929 457 3012 γωνιῶν
475 2929 543 3015 τῶν
561 2923 628 2994 ὑπὸ
649 2933 762 3011 ΒΑΓ,
781 2932 901 3014 ΓΑΔ,
922 2936 1038 2996 ΔΑΒ·
1057 2931 1155 3016 λέγω,

83 3057 120 3106 25
139 3029 189 3100 ὅτι
209 3036 247 3099 αί
266 3030 333 3100 ὑπὸ
349 3040 377 3099 Β
383 3039 415 3099 Α
423 3039 465 3117 Γ,
484 3037 605 3119 ΓΑΔ,
620 3040 723 3101 ΔΑΒ
738 3032 912 3119 τεσσάρων
927 3032 1045 3122 ὀρθῶν
1060 3037 1155 3103 ἐλάσ-

139 3140 235 3217 σονές
258 3143 353 3207 είσιν

213 3328 299 3387 1.ἐπι
301 3330 412 3420 πεδω]
404 3348 433 3386 ιο
448 3348 501 3387 ras
516 3351 552 3387 m.
569 3334 630 3388 1Ρ.
685 3329 817 3472 ἡχ)εαμτει
835 3351 886 3389 scr.
906 3334 941 3404 V,
960 3338 992 3390 ut
1005 3335 1094 3391 lm

141 3403 249 3457 κείσθω
268 3403 314 3474 τη]
335 3386 384 3456 δι’δι
402 3404 453 3457 τοῦ
473 3407 497 3456 Ε
499 3421 550 3486 ,οη
571 3425 592 3472 φ
613 3408 679 3472 (non
776 3404 849 3458 Hinc
868 3406 1016 3474 plerasque
1035 3408 1156 3477 ineptias

139 3489 239 3528 manus
263 3494 284 3541 φ
309 3473 402 3542 omisi,
430 3472 551 3529 maxime
579 3476 626 3530 ubi
655 3478 704 3531 aut
732 3477 809 3529 certa
831 3475 954 3548 uestigia
976 3478 1038 3533 ueri
1058 3495 1156 3561 super-

140 3546 228 3614 erant,
243 3548 292 3599 aut
312 3547 386 3601 certe
404 3544 482 3599 nulla
501 3549 562 3600 erat
582 3561 666 3602 causa
685 3547 719 3601 de
734 3546 875 3615 scriptura
889 3548 949 3603 cod.
962 3548 983 3601 F
999 3549 1156 3607 dub1tand1.
