2468 3952
134 188 155 249 4
508 188 710 240 ΣΤΟΙΧΕΙΩΝ
729 181 780 242 ια’.

202 328 241 409 ζ’.
270 327 448 397 Ἐπίπεδον
475 327 559 417 πρὸς
586 331 744 396 ἐπίπεδον
774 325 918 413 ὁμοίως
940 334 1153 396 κεκλίσθαι

134 435 336 522 λέγεταικαὶ
356 436 470 522 ἕτερον
489 434 572 521 πρὸς
592 437 716 522 ἕτερον,
739 434 820 502 ὅταν
840 438 876 500 αί
894 436 1065 521 εἰρημέναι
1084 439 1153 502 τῶν

135 547 277 608 κλίσεων
300 547 421 627 γωνίαι
446 551 515 609 ίσαι
538 540 698 627 ἀλλήλαις
721 533 813 608 ὦσιν.

202 647 247 734 η’.
280 648 522 733 Παράλληλα
546 647 683 716 ἐπίπεδά
708 649 777 714 ἐστι
801 646 840 714 τά
866 644 1077 733 άσύμπτωτα.

101 771 117 821 5
202 753 252 821 θ’.
277 752 413 840 Ὅμοια
436 753 575 838 στερεὰ
595 753 774 840 σχήματά
794 755 861 820 ἐστι
880 752 920 820 τὰ
939 751 1005 821 ὑπὸ
1027 751 1155 838 ὁμοίων

137 862 302 929 ἐπιπέδων
325 861 545 950 περιεχόμενα
568 869 652 928 ίσων
675 860 712 928 τὸ
737 865 876 946 πλῆθος.

204 966 238 1034 ι’.
267 965 352 1034 Ἴσα
391 966 432 1034 δέ
469 968 535 1033 καὶ
568 964 686 1051 ὅμοια
725 963 868 1053 στερεὰ
901 965 1052 1052 σχήματά
1087 968 1156 1033 ἐστι

136 1071 176 1140 τὰ
201 1071 267 1141 ὑπὸ
293 1070 422 1158 ὁμοίων
441 1074 607 1140 ἐπιπέδων
625 1071 844 1159 περιεχόμενα
866 1079 950 1139 ίσων
968 1075 1013 1162 τῷ
1032 1070 1156 1158 πλήθει

137 1178 262 1268 καὶτῷ
286 1181 429 1265 μεγέθει.

85 1306 118 1354 10
205 1283 262 1351 ια’.
286 1284 438 1372 Στερεὰ
463 1289 587 1371 γωνία
612 1285 702 1351 ἐστὶν
725 1282 745 1371 ἡ
770 1281 837 1352 ὑπὸ
861 1284 1028 1352 πλειόνων
1052 1279 1072 1370 ἡ
1092 1283 1156 1352 δύο

138 1394 302 1477 γραμμῶν
325 1387 523 1475 ἁπτομένων
547 1388 702 1478 άλλὴλων
725 1392 781 1458 καὶ
804 1389 849 1476 μὴ
870 1392 906 1457 ἐν
926 1393 965 1477 τὴ
986 1387 1069 1477 αὐτῇ
1089 1392 1157 1458 έπι-

138 1500 262 1583 φανείῳ
286 1495 399 1564 οὐσῶν
421 1495 505 1583 πρὸς
521 1495 643 1576 πάσαις
660 1511 732 1576 ταῖς
750 1510 917 1583 γραμμαῖς
935 1501 1049 1575 κλίσις.
1081 1493 1157 1562 ’Ἁλ-

139 1608 215 1679 λως·
245 1600 361 1689 στερεὰ
385 1613 493 1688 γωνία
517 1604 607 1671 ἐστὶν
631 1603 651 1691 ἡ
675 1602 741 1671 ὑπὸ
766 1601 934 1671 πλειόνων
958 1597 978 1688 ἡ
1003 1602 1067 1670 δύο
1095 1628 1158 1687 γω-

73 1746 75 1751 ·
139 1709 223 1774 νιῶν
257 1709 423 1776 ἐπιπέδων
455 1712 672 1797 περιεχομένη
705 1709 749 1797 μὴ
785 1705 897 1777 οὐσῶν
929 1711 964 1776 ἐν
992 1711 1038 1799 τῷ
1067 1705 1157 1799 αὐτῷ

88 1834 120 1884 15
140 1814 283 1904 ἐπιπέδῳ
307 1814 390 1902 πρὸς
417 1816 468 1883 ἐνὶ
492 1821 616 1907 σημείῳ
642 1817 903 1902 συνισταμένων.

208 1920 265 2006 ιβ’.
298 1928 479 2010 Πυραμίς
503 1925 571 1990 ἐστι
595 1926 704 2009 σχὴμα
728 1921 864 2010 στερεὸν
884 1921 1051 1998 ἐπιπέδοις
1069 1942 1159 2006 περι-

139 2027 303 2113 -εχόμενον
323 2027 388 2096 άπὸ
408 2028 485 2108 ἑνὸς
504 2029 662 2097 ἐπιπέδου
679 2027 764 2114 πρὸς
778 2028 829 2095 ἑνὶ
844 2032 969 2115 σημείῳ
984 2025 1160 2104 συνεστώς.

209 2134 265 2217 ιγ’.
298 2139 459 2219 Πρίσμα
487 2134 556 2200 ἐστὶ
586 2138 697 2220 σχῆμα
720 2132 856 2218 στερεὸν
880 2132 1046 2210 ἐπιπέδοις
1069 2156 1160 2219 περι-

142 2236 317 2324 εχόμενον,
351 2230 399 2306 ὧν
432 2238 494 2306 δύο
527 2239 566 2305 τά
596 2238 798 2306 ἀπεναντίον
826 2246 883 2304 ίσα
910 2262 944 2303 τε
972 2237 1028 2302 καὶ
1056 2235 1158 2321 ὅμοιά

38 2379 41 2385 ·
89 2365 123 2414 20
142 2346 211 2411 ἐστι
238 2345 293 2411 καὶ
321 2344 532 2431 παράλληλα,
559 2343 600 2410 τά
630 2344 667 2412 δέ
695 2342 795 2411 λοιπά
818 2340 1158 2428 παραλληλόγραμμα.

209 2448 268 2516 ιδ’.
277 2449 435 2536 Σφαῖρά
448 2450 639 2536 ἐστιν,ὅταν
647 2448 1080 2539 ἡμικυκλίουμενούσηςτὴς
1088 2452 1156 2516 δια-

142 2554 264 2641 μέτρου
277 2555 492 2643 περιενεχθὲν
506 2553 543 2623 τό
558 2553 758 2641 ἡμικύκλιον
768 2559 815 2634 είς
824 2553 861 2622 τὸ
872 2551 955 2622 αὐτὸ
966 2554 1067 2622 πάλιν
1079 2552 1160 2621 άπο-

143 2666 348 2750 κατασταθὴ,
359 2660 442 2730 ὅθεν
452 2659 574 2750 ἡρξατο
585 2664 762 2747 φέρεσθαι,
772 2659 810 2727 τὸ
821 2660 1031 2748 περιληφθὲν
1043 2666 1161 2748 σχὴμα.

211 2769 261 2835 ιε’.
298 2767 420 2848 ’Ἁξων
454 2767 496 2835 δέ
526 2772 593 2854 τὴς
626 2771 798 2854 σφαίρας
830 2768 921 2834 ἐστὶν
954 2765 974 2854 ἡ
1009 2769 1158 2854 μένουσα

90 2893 124 2944 25
144 2870 274 2957 εὐθεῖα,
298 2874 373 2961 περὶ
396 2869 439 2960 ἡν
462 2873 499 2942 τὸ
524 2873 723 2961 ἡμικύκλιον
750 2874 934 2959 στρέφεται.

213 2979 268 3051 ις’.
304 2982 483 3068 Κέντρον
512 2980 549 3048 δέ
571 2985 637 3067 της
662 2985 835 3067 σφαίρας
858 2980 926 3047 ἐστὶ
950 2979 988 3048 τὸ
1013 2979 1112 3066 αὐτό,
1142 2979 1160 3048 δ

146 3087 201 3154 καὶ
224 3090 285 3155 τοῦ
309 3087 517 3173 ἡμικυκλίου.

219 3242 243 3291 8.
263 3238 336 3292 Hero
356 3237 410 3294 def.
432 3244 491 3306 ιιι,
511 3244 537 3291 ι.
622 3243 647 3292 ε.
666 3237 704 3293 ib.
726 3241 785 3304 118,
805 3243 830 3291 ε.
915 3242 956 3290 11.
975 3236 1013 3290 ib.
1032 3243 1075 3291 ιι.

149 3313 191 3362 12.
209 3307 246 3362 ib.
269 3313 327 3361 100.
402 3316 444 3363 11.
462 3310 500 3363 ib.
520 3315 562 3362 τι.
636 3314 749 3362 11-11.
769 3308 879 3362 Psenus
897 3326 923 3376 p.
943 3313 1058 3363 49-50.

221 3448 245 3496 3.
265 3453 315 3496 ωσι
333 3443 386 3497 Vb.
495 3449 520 3496 4.
538 3440 702 3511 παράλληλα
726 3437 784 3496 ἐπί·
803 3441 833 3496 in
851 3457 913 3507 ras„
943 3444 1029 3496 -πεδα
1048 3460 1104 3511 mg.
1124 3461 1161 3499 ιιι.

149 3514 218 3568 Π.
291 3519 315 3567 5.
335 3509 404 3584 ὑπό]
429 3529 498 3567 corr.
518 3531 552 3567 ex
569 3510 628 3568 άπό
648 3532 683 3567 m.
704 3520 717 3567 1
737 3513 765 3566 b.
840 3519 881 3566 12.
900 3509 982 3582 πρός]
1001 3513 1035 3579 Β;
1055 3510 1073 3582 ἡ
1093 3510 1164 3583 πρός

67 3610 104 3720 1
