2468 3952
135 201 212 264 274.
287 219 290 224 ²
441 240 445 246 .
506 198 708 250 mommsm
727 192 775 266 ιγ’.

134 347 174 430 τῇ
203 338 269 409 ὑπὸ
293 346 401 408 ΒΕΓ.
446 336 544 426 κοινή
573 337 611 405 δὲ
637 342 706 405 τῶν
730 336 793 405 δύο
816 335 1003 423 τριγώνων,
1030 343 1093 405 τοῦ
1117 363 1157 406 τε

134 453 236 515 ΒΕΓ
258 448 397 515 καὶτοῦ
423 454 535 530 ΒΕΔ,
564 445 584 530 ἡ
608 442 675 512 ὑπὸ
700 452 798 512 ΕΒΔ
824 449 944 530 γωνία·
970 444 1027 510 καὶ
1051 446 1155 529 λοιπή

134 552 200 639 ἄρα
224 553 244 640 ή
268 552 335 622 ὑπὸ
360 560 458 622 ΒΕΔ
481 562 520 639 τῇ
544 549 610 619 ὑπὸ
635 556 731 618 ΕΓΒ
755 551 846 618 ἐστιν
870 557 939 635 ἴση·
968 548 1153 634 ἰσογώνιον

134 657 199 746 ἄρα
223 659 292 727 ἐστὶ
315 661 352 726 τδ
378 665 477 725 ΕΒΔ
499 663 665 744 τρίγωνον
688 660 733 749 τῷ
758 662 859 724 ΕΒΓ
875 655 1038 747 τριγώνῳ.
1071 652 1157 722 οἶνοί·

98 773 237 851 ολογον
264 763 330 851 ἄρα
358 764 448 832 ἐστὶν
477 763 522 843 ὡς
548 762 568 849 ἡ
594 771 660 830 ΔΒ
690 765 774 850 πρὸς
801 764 861 849 τὴν
885 770 964 847 ΒΕ,
997 759 1105 841 οὕτως
1133 759 1155 847 ή

133 878 197 938 ΕΒ
220 873 304 957 πρὸς
326 869 388 957 τήν
411 876 482 938 ΒΓ.
529 877 584 955 ἴση
609 869 646 938 δὲ
668 870 689 954 ἡ
715 877 777 958 ΕΒ
799 873 839 956 τή
863 874 933 937 ΓΔ.
970 872 1062 936 ἔστιν
1086 867 1155 956 ἄρα

134 975 178 1057 ὡς
202 977 222 1063 ἡ
246 983 312 1043 ΒΔ
334 980 419 1065 πρὸς
441 975 502 1062 τήν
526 981 602 1059 ΔΓ,
626 973 732 1054 οὕτως
754 972 774 1060 ἡ
799 981 870 1043 ΔΓ
888 972 973 1060 πρὸς
994 977 1057 1059 τήν
1080 980 1155 1041 ΓΒ.

134 1088 253 1168 μείζων
276 1082 316 1151 δὲ
338 1082 359 1168 ή
380 1089 443 1149 ΒΔ
464 1091 523 1166 τῆς
535 1086 621 1149 ΔΓ·
654 1086 773 1166 μείζων
797 1079 863 1168 ἄρα
885 1081 941 1147 καὶ
964 1078 984 1165 ἡ
1009 1085 1076 1146 ΔΓ
1095 1083 1159 1165 τής

134 1193 203 1255 ΓΒ.
249 1185 269 1273 ή
294 1196 358 1255 ΒΔ
386 1185 452 1274 ἄρα
480 1184 598 1271 εὐθεῖα
626 1185 731 1273 ἄκρον
759 1186 815 1252 καὶ
843 1188 946 1272 μέσον
974 1183 1079 1271 λόγον
1104 1187 1157 1252 τέ-

80 1308 114 1357 10
133 1319 252 1379 τμηται
276 1292 371 1378 [κατὰ
395 1291 433 1360 τὸ
453 1297 499 1376 Γ]
506 1342 516 1376 ,
538 1291 594 1360 καὶ
616 1290 654 1360 τὸ
678 1297 790 1379 μεῖζον
810 1295 920 1378 τμῆμα
940 1290 1041 1377 αὐτῆς
1060 1293 1157 1360 ἐστιν

133 1398 153 1484 ἡ
177 1405 256 1464 ΔΓ·
280 1399 360 1485 ὅπερ
384 1403 452 1467 ἔδει
476 1399 588 1479 δεῖξαι.

624 1602 659 1642 ι.

198 1697 287 1766 Ἐαν
310 1701 366 1777 εἰς
388 1698 535 1766 κύκλον
549 1698 807 1783 πεντάγωνον
828 1696 1072 1786 ἰσόπλευρον
1092 1701 1156 1784 ἐγ-

133 1809 280 1893 γραφή,
303 1805 324 1890 ἡ
348 1807 419 1872 τοῦ
438 1805 698 1888 πενταγώνου
720 1806 869 1891 πλευρδι
890 1802 1062 1871 δύναται
1080 1806 1156 1891 τήν

82 1925 114 1973 15
133 1938 173 1979 τε
200 1916 270 1979 τοῦ
299 1907 501 1995 ἑξαγώνου
527 1909 590 1975 καὶ
618 1891 689 1995 τήν
717 1914 786 1978 τοῦ
816 1909 1047 1995 δεκαγώνου
1074 1915 1155 1980 τών

133 2021 189 2097 είς
211 2014 428 2085 τὸν“αύτόν
450 2014 597 2083 κύκλον
621 2017 940 2103 ἐγγραφομένων.

190 2122 299 2191 Ἔστω
317 2121 440 2201 κύκλος
459 2118 476 2188 ὁ
492 2125 674 2207 ΑΒΓΔΕ,
692 2122 748 2188 καὶ
767 2125 814 2202 εἰς
831 2120 892 2190 τὸν
907 2128 1079 2191 ΑΒΓΔΕ
1096 2123 1155 2191 κύ·

132 2236 215 2294 κλον
230 2225 445 2312 πεντάγωνον
459 2226 663 2313 ἰσόπλευρον
678 2227 899 2315 ἐγγεγράφθω
912 2227 950 2296 τὸ
967 2234 1156 2298 ΑΒΓΔΕ.

133 2334 234 2418 λέγω,
255 2332 306 2400 ὅτι
325 2329 345 2419 ή
363 2335 424 2400 τοῦ
439 2337 610 2401 ΑΒΓΔΕ
625 2332 843 2419 πενταγώνου
861 2333 988 2421 πλευρὰ
1008 2333 1156 2403 δύναται

79 2452 114 2501 20
133 2438 194 2524 τήν
222 2464 262 2523 τε
284 2442 344 2504 τοῦ
373 2437 544 2523 ἑξαγώνου
570 2439 627 2505 καὶ
653 2438 716 2524 τήν
743 2443 804 2507 τοῦ
833 2441 1027 2526 δεκαγώνου
1054 2450 1156 2511 πλευ-

133 2544 199 2632 ρὰν
235 2547 303 2611 τών
340 2546 387 2623 εἰς
423 2542 485 2610 τὸν
516 2535 688 2611 ΑΒΓΔΕ
722 2544 846 2613 κύκλον
880 2548 1154 2634 ἐγγραφομένων.

201 2650 367 2736 Εἰλήφθω
387 2649 451 2738 γδιρ
470 2648 507 2718 τὸ
528 2651 669 2738 κέντρον
687 2655 748 2718 τοῦ
762 2650 888 2719 κύκλου
902 2655 939 2720 τὸ
957 2660 983 2718 Ζ
998 2666 1155 2740 σημεῖον,

132 2756 188 2822 καὶ
213 2758 443 2842 ἐπιζευχθεῖσα
465 2754 486 2843 ή
506 2763 570 2824 ΑΖ
590 2754 721 2843 διήχθω
741 2757 794 2823 ἐπὶ
812 2759 849 2825 τὸ
867 2765 907 2824 Η
921 2772 1072 2845 σημεῖον,
1095 2761 1155 2826 καὶ

134 2861 320 2949 ἐπεζεύχθω
349 2859 369 2948 ἡ
398 2870 476 2948 ΖΒ,
505 2861 561 2929 καὶ
589 2859 654 2929 ἀπὸ
682 2865 743 2929 τοῦ
771 2869 799 2928 Ζ
827 2864 879 2930 ἐπὶ
911 2862 974 2948 τὴν
1001 2873 1068 2932 AB
1095 2867 1156 2934 κύ-

80 2977 113 3028 25
132 2977 232 3048 θετος
261 2969 357 3056 ήχθω
386 2967 407 3053 ή
434 2952 512 3054 ΖΘ,
539 2969 596 3035 καλ
624 2966 755 3054 διήχθω
785 2968 837 3036 ἐπὶ
864 2971 900 3037 τὸ
924 2976 972 3055 Κ,
1001 2970 1057 3037 καὶ
1081 2973 1156 3040 ἐπε·
1188 3036 1190 3041 ,

134 3075 330 3160 ζεύχθωσαν
359 3077 397 3141 αλ
423 3081 507 3160 ΑΚ,
534 3080 615 3159 ΚΒ,
647 3074 702 3141 καὶ
730 3075 832 3142 πάλιν
860 3072 925 3143 ἀπὸ
953 3078 1014 3143 τοῦ
1042 3083 1070 3142 Ζ
1099 3079 1155 3146 ἐπὶ

132 3181 195 3266 τὴν
223 3188 295 3248 AK
317 3178 470 3260 ’κάθετος
500 3178 595 3266 ήχθω
629 3179 649 3267 ή
680 3188 758 3267 ΖΑ,
789 3181 845 3248 καὶ
874 3180 1004 3268 διήχθω
1032 3184 1086 3250 ἐπὶ
1115 3210 1158 3252 το

206 3377 343 3499 ΖΒΕἯ
364 3379 449 3430 ΒΕΔ
467 3376 498 3430 Ρ.
553 3376 650 3447 ΒΕΔ]
670 3376 801 3431 ΒΕΓΡ.
856 3382 882 3432 4.
903 3371 976 3446 ἐστί]
996 3392 1050 3430 om.
1070 3376 1132 3464 V.x

133 3447 239 3517 ΕΔΒ]
255 3452 303 3500 ΒΔ
342 3489 349 3502 .
405 3453 430 3501 6.
450 3447 514 3518 ΓΔ]
535 3450 784 3516 Psuprascr.m.
805 3453 819 3500 1
841 3446 875 3514 V,
895 3447 994 3502 ΔΓΡ.
1055 3453 1158 3517 ’λτην

134 3518 192 3588 ΓΒ]
211 3521 260 3571 ΓΒ
280 3519 335 3587 Bq.
397 3524 422 3572 8.
442 3519 512 3589 ΔΓ]
529 3517 745 3588 (prius)AFb,
765 3522 816 3587 ΓΔ
829 3518 860 3572 Β.
916 3512 1158 3591 9.ύραεύθεῖα]
