2468 3952
166 195 229 260 186
533 194 734 246 Σεουωεαυ
753 188 804 264 ις’.

163 343 223 405 καί
238 341 306 406 ἐστι
329 339 390 404 τοῦ
413 337 474 422 μὲν
498 341 647 403 ΒΗΜΛ
671 335 767 402 ἕκτον
791 334 890 421 μέρος
911 331 932 418 6
958 336 1103 399 ΑΒΓΗ
1122 354 1180 398 πυ·

165 449 278 530 ραμίς,
300 447 361 511 τοῦ
386 441 423 509 δὲ
447 448 584 509 ΕΘΠΟ
606 440 938 529 παραλληλεπιπέδου
960 439 1060 505 ἕκτον
1084 437 1182 525 μέρος

164 548 185 637 6
215 557 348 617 ΔΕΖΘ
381 554 536 635 πυραμίς·
570 557 625 635 ίση
658 547 723 634 άρα
752 545 773 633 6
803 552 943 614 ΑΒΓΗ
966 544 1116 630 πυραμὶς
1143 546 1180 631 τῇ

166 664 301 724 ΔΕΖΘ
323 659 494 741 πυραμίδι.

129 785 146 832 ο
235 767 310 830 Τῶν
339 761 405 847 ἄρα
433 769 516 829 ίσων
543 765 741 846 πυραμίδων
772 761 827 827 καλ
854 756 1040 845 τριγώνους
1068 754 1183 842 βάσεις

165 872 314 954 ἐχουσῶν
342 867 631 936 ἀντιπεπόνθασιν
661 871 699 934 αί
725 866 839 953 βάσεις
866 878 935 945 τοῖς
961 864 1099 943 ὕψεσιν·
1127 863 1181 930 καὶ

166 967 215 1043 ῶν
237 979 435 1061 πυραμίδων
458 973 652 1060 τριγώνουςΙ
671 972 786 1059 βάσεις
809 974 960 1060 ἐχουσῶν
984 967 1181 1037 ἀντιπεπόν-

165 1091 270 1148 θασιν
294 1085 331 1148 αί
352 1079 466 1167 βάσεις
489 1093 559 1161 τοῖς
580 1081 714 1164 ὕψεσιν,
738 1087 808 1146 ίσαι
831 1078 917 1147 είσλν
937 1079 1075 1145 ἐκεῖναι·
1100 1075 1180 1161 ὅπερ

167 1191 234 1254 ἔδει
258 1188 372 1267 δεῖξαι.
671 1273 680 1296 Ι

114 1298 147 1344 10
655 1302 690 1342 ί.

234 1390 318 1460 Πᾶς
336 1385 462 1461 κῶνος
480 1385 701 1466 κυλίνδρου
719 1385 855 1467 τρίτον
874 1380 992 1465 μέρος
1010 1378 1094 1445 ἐστὶ
1113 1380 1181 1445 τοῦ

167 1485 239 1573 τὴν
264 1482 389 1572 αὐτὴν
413 1485 531 1572 βάσιν
555 1491 715 1573 ἔχοντος
739 1483 844 1577 αύτῷ
871 1485 936 1552 καὶ
958 1485 1060 1565 ὕψος
1084 1490 1182 1552 ἴσον.

231 1590 348 1680 Ἐχέτω
376 1591 441 1679 γάρ
469 1596 578 1672 κῶνος
603 1597 773 1683 κυλίνδρῳ
796 1591 897 1677 βάσιν
926 1616 962 1659 τε
984 1588 1048 1676 τὴν
1077 1586 1182 1677 αὐτὴν

167 1699 227 1768 τὸν
245 1706 379 1767 ΑΒΓΔ
401 1699 526 1768 κύκλον
549 1701 604 1767 καὶ
627 1701 714 1782 ὕψος
732 1701 821 1767 ίσὸν·
844 1700 942 1783 λέγω,
965 1693 1055 1765 ὅτιὸ
1075 1700 1183 1776 κῶνος

116 1827 148 1874 15
162 1811 224 1874 τοῦ
247 1809 432 1891 κυλίνδρου
454 1811 568 1892 τρίτον
591 1807 659 1874 ἐστὶ
683 1807 794 1892 μέρος,
816 1805 987 1872 τουτέστιν
1012 1803 1064 1871 ὅτι
1088 1802 1106 1872 6
1127 1802 1183 1871 κύ-

168 1917 303 2000 λινδρος
324 1916 386 1980 τοῦ
408 1911 522 1979 κώνου
544 1916 748 2000 τριπλασίων
772 1913 871 1979 ἐστίν.

233 2023 278 2086 Ec
304 2017 369 2106 γάρ
398 2017 443 2105 μή
472 2020 562 2086 ἐστιν
586 2019 604 2086 6
628 2017 808 2106 κύλινδρος
829 2021 891 2085 τοῦ
913 2015 1028 2085 κώνου
1050 2023 1184 2103 τριπλα-

168 2131 267 2208 σίων,
301 2130 392 2193 ἕσται
420 2124 438 2193 6
467 2124 648 2210 κύλινδρος
673 2135 736 2193 τοῦ
765 2123 879 2192 κώνου
906 2121 979 2210 ἤτοι
1013 2129 1136 2210 μείζων
1163 2119 1183 2210 6

167 2236 371 2315 τριπλασίων
394 2227 415 2316 6
441 2231 592 2299 ἐλάσσων
615 2228 636 2318 6
659 2236 873 2319 τριπλασίων.
910 2235 993 2298 ἔστω
1017 2228 1184 2318 πρότερον

113 2356 149 2405 20
168 2341 288 2421 μείζων
310 2333 331 2422 6
350 2341 566 2422 τριπλασίων,
589 2337 644 2404 καλ
666 2336 886 2425 ἐγγεγράφθω
906 2339 953 2417 είς
970 2334 1030 2404 τὸν
1049 2342 1187 2405 ΑΒΓΔ

168 2443 292 2509 κύκλον
315 2444 524 2528 τετράγωνον
551 2440 590 2510 τὸ
614 2449 759 2511 ΑΒΓΔ·
787 2441 825 2511 τὸ
850 2441 892 2529 δὴ
916 2448 1051 2510 ΑΒΓΔ
1074 2441 1186 2530 τετρά-

168 2574 280 2633 γωνον
308 2546 421 2634 μεῖζόν
436 2544 540 2616 ’ἐστιν
567 2545 588 2635 6
616 2548 654 2616 τδ
678 2550 782 2636 ἥμισυ
804 2559 865 2617 τοῦ
889 2555 1026 2616 ΑΒΓΔ
1048 2547 1185 2617 κύκλου.

168 2652 224 2718 καὶ
256 2651 425 2720 άνεστάτω
458 2651 522 2721 άπὸ
556 2658 618 2722 τοῦ
649 2660 782 2722 ΑΒΓΔ
813 2652 1026 2740 τετραγώνου
1057 2659 1187 2742 πρίσμα

168 2757 307 2838 ἰσοϋψὲς
320 2769 365 2850 τῷ
379 2763 556 2851 κυλίνδρῳ.
580 2758 618 2828 τὸ
635 2760 676 2847 δὴ
692 2758 916 2847 άνιστάμενον
930 2764 1057 2847 πρίσμα
1072 2761 1187 2847 μεῖζόν

241 2960 264 3007 1.
285 2949 360 3008 ἐστιν
378 2953 436 3008 ΡΒ.
497 2961 521 3010 3.
542 2956 587 3022 ἴση
607 2950 713 3025 άραὴ]
737 2951 755 3024 6
775 2951 831 3022 ἄρα
853 2955 938 3024 BVq.
1000 2961 1026 3010 4.
1046 2957 1187 3026 πυραμίδι

168 3027 213 3093 ἴση
234 3020 310 3080 ἐστίν
328 3024 414 3093 BVq.
515 3032 539 3081 6.
559 3020 645 3094 ὕψεσι
664 3044 689 3094 q.
792 3033 816 3081 7.
835 3028 1007 3096 ·μι’δωντρι-
1025 3027 1055 3080 in
1075 3043 1129 3081 ras.
1151 3045 1187 3083 m.

168 3114 222 3150 rec.
242 3095 276 3149 V.
350 3101 374 3150 8.
395 3099 441 3149 ίσα
462 3091 537 3150 ε’στλν
558 3091 655 3150 ἐκεῖνα
673 3098 703 3151 Ρ.
776 3103 801 3153 9.
822 3095 881 3152 ἔδει
899 3097 1007 3169 δεῖξαι]
1025 3097 1056 3152 in
1074 3114 1129 3154 ras.
1149 3117 1188 3153 m.

169 3184 223 3221 rec.
242 3165 274 3220 V.
350 3173 391 3221 14.
411 3167 538 3220 ΑΒΓΡ.
612 3164 641 3238 6]
662 3184 716 3222 om.
736 3186 763 3236 q.
838 3174 879 3224 15.
898 3166 983 3238 μέρος
1002 3164 1065 3224 ἔστί
1079 3168 1115 3224 V.

168 3232 198 3305 6}
219 3253 272 3289 om.
292 3255 318 3305 q.
412 3243 452 3291 16.
472 3233 635 3307 τριπλάσιον
656 3239 684 3306 Ρ,
703 3256 772 3294 corr.
792 3258 828 3293 m.
848 3246 873 3294 2.
965 3238 1045 3295 ἔσται
1062 3238 1095 3294 Β.

172 3313 212 3359 17.
235 3305 262 3360 εί
284 3338 317 3346 -
343 3312 383 3360 18.
404 3306 493 3379 ἔσται]
513 3325 567 3362 om.
587 3310 618 3377 B,
637 3327 692 3379 mg.
712 3311 778 3364 add.
798 3329 833 3366 m.
854 3317 884 3364 2:
905 3309 931 3364 εί
948 3311 1002 3379 γάρ
1021 3341 1056 3351 -
1073 3313 1188 3380 μείζων,

168 3377 269 3429 deletis
289 3377 381 3432 uerbis
400 3375 415 3432 6
435 3376 582 3448 κύλινδρος
600 3381 650 3433 τοῦ
670 3375 770 3435 κώνου.
865 3388 906 3436 17.
925 3379 963 3466 μὴ
982 3378 1037 3450 γάρ
1056 3382 1087 3437 Ρ.

171 3452 212 3499 19.
233 3442 354 3500 ἐλάττων
373 3448 406 3503 V.
493 3456 534 3504 20.
556 3448 712 3519 γεγράφθω
732 3470 757 3520 q.
844 3458 887 3507 21.
907 3473 939 3506 το
958 3453 1081 3525 ΑΒΓΔ]
1102 3471 1191 3522 supra

169 3534 205 3572 m.
226 3523 241 3570 2
263 3518 292 3572 Β.
365 3526 407 3576 23.
428 3521 492 3592 καί]
513 3537 567 3575 om.
587 3539 612 3589 q.
685 3528 728 3577 24.
748 3520 942 3593 άνεσταμένον
961 3523 1077 3594 PBVq.
