<?xml version="1.0" encoding="UTF-8"?>
<!DOCTYPE html PUBLIC "-//W3C//DTD XHTML 1.0 Transitional//EN"
    "http://www.w3.org/TR/xhtml1/DTD/xhtml1-transitional.dtd">
<html xmlns="http://www.w3.org/1999/xhtml" xml:lang="en" lang="en">
 <head>
  <title>
</title>
<meta http-equiv="Content-Type" content="text/html;charset=utf-8" />
  <meta name='ocr-system' content='tesseract 3.04.00' />
  <meta name='ocr-capabilities' content='ocr_page ocr_carea ocr_par ocr_line ocrx_word'/>
</head>
<body>
  <div class='ocr_page' id='page_1' title='image "./euclidisoperaom00unkngoog_0437.png"; bbox 0 0 2468 3952; ppageno 0'>
   <div class='ocr_carea' id='block_1_1' title="bbox 80 179 707 244">
    <p class='ocr_par' dir='ltr' id='par_1_1' title="bbox 80 179 707 244">
     <span class='ocr_line' id='line_1_1' title="bbox 80 179 707 244; baseline 0.003 -12"><span class='ocrx_word' id='word_1_1' title='bbox 80 179 147 244; x_wconf 78' lang='grc'><strong><em>422</em></strong></span> <span class='ocrx_word' id='word_1_2' title='bbox 471 180 654 233; x_wconf 71' lang='lat' dir='ltr'><strong><em>mmlx</em></strong></span> <span class='ocrx_word' id='word_1_3' title='bbox 671 181 707 234; x_wconf 79' lang='lat'><strong><em>11</em></strong></span> 
     </span>
    </p>
   </div>
   <div class='ocr_carea' id='block_1_2' title="bbox 79 317 1104 3593">
    <p class='ocr_par' dir='ltr' id='par_1_2' title="bbox 79 317 1104 3484">
     <span class='ocr_line' id='line_1_2' title="bbox 148 317 1096 409; baseline 0.002 -21"><span class='ocrx_word' id='word_1_4' title='bbox 148 325 180 388; x_wconf 88' lang='grc' dir='ltr'><strong><em>εί</em></strong></span> <span class='ocrx_word' id='word_1_5' title='bbox 209 320 274 406; x_wconf 84' lang='grc' dir='ltr'><strong><em>γάρ</em></strong></span> <span class='ocrx_word' id='word_1_6' title='bbox 301 319 346 408; x_wconf 77' lang='grc' dir='ltr'><strong><em>μὴ</em></strong></span> <span class='ocrx_word' id='word_1_7' title='bbox 373 324 441 408; x_wconf 77' lang='grc' dir='ltr'><strong><em>ἔχει</em></strong></span> <span class='ocrx_word' id='word_1_8' title='bbox 466 317 489 406; x_wconf 77' lang='grc' dir='ltr'><em>ἡ</em></span> <span class='ocrx_word' id='word_1_9' title='bbox 511 325 617 389; x_wconf 89' lang='grc' dir='ltr'><strong><em>ΑΒΓ</em></strong></span> <span class='ocrx_word' id='word_1_10' title='bbox 638 332 766 408; x_wconf 75' lang='grc' dir='ltr'><strong><em>σφαῖρα</em></strong></span> <span class='ocrx_word' id='word_1_11' title='bbox 791 320 879 409; x_wconf 78' lang='grc' dir='ltr'><strong><em>πρὸς</em></strong></span> <span class='ocrx_word' id='word_1_12' title='bbox 904 320 972 407; x_wconf 66' lang='grc' dir='ltr'><strong><em>,τὴν</em></strong></span> <span class='ocrx_word' id='word_1_13' title='bbox 1000 328 1096 390; x_wconf 85' lang='grc' dir='ltr'><strong><em>ΔΕΖ</em></strong></span> 
     </span>
     <span class='ocr_line' id='line_1_3' title="bbox 79 424 1097 514; baseline 0.004 -21"><span class='ocrx_word' id='word_1_14' title='bbox 79 431 300 512; x_wconf 81' lang='grc' dir='ltr'><strong><em>τριπλασίονα</em></strong></span> <span class='ocrx_word' id='word_1_15' title='bbox 330 427 435 512; x_wconf 88' lang='grc' dir='ltr'><strong><em>λόγον</em></strong></span> <span class='ocrx_word' id='word_1_16' title='bbox 466 424 551 510; x_wconf 82' lang='grc' dir='ltr'><strong><em>ἥπερ</em></strong></span> <span class='ocrx_word' id='word_1_17' title='bbox 581 424 603 512; x_wconf 79' lang='grc' dir='ltr'><em>ἡ</em></span> <span class='ocrx_word' id='word_1_18' title='bbox 631 431 699 494; x_wconf 88' lang='grc' dir='ltr'><em>ΒΓ</em></span> <span class='ocrx_word' id='word_1_19' title='bbox 720 425 806 514; x_wconf 75' lang='grc' dir='ltr'><strong><em>πρὸς</em></strong></span> <span class='ocrx_word' id='word_1_20' title='bbox 829 425 896 514; x_wconf 76' lang='grc' dir='ltr'><strong><em>τὴν</em></strong></span> <span class='ocrx_word' id='word_1_21' title='bbox 922 435 1007 514; x_wconf 82' lang='grc' dir='ltr'><strong><em>ΒΖ,</em></strong></span> <span class='ocrx_word' id='word_1_22' title='bbox 1038 430 1097 510; x_wconf 75' lang='grc' dir='ltr'><strong><em>ἕξει</em></strong></span> 
     </span>
     <span class='ocr_line' id='line_1_4' title="bbox 80 530 1097 622; baseline 0.003 -22"><span class='ocrx_word' id='word_1_23' title='bbox 80 531 147 618; x_wconf 80' lang='grc' dir='ltr'><strong><em>ἄρα</em></strong></span> <span class='ocrx_word' id='word_1_24' title='bbox 169 530 190 618; x_wconf 82' lang='grc' dir='ltr'><em>ἡ</em></span> <span class='ocrx_word' id='word_1_25' title='bbox 209 537 314 601; x_wconf 98' lang='grc' dir='ltr'><strong><em>ΑΒΓ</em></strong></span> <span class='ocrx_word' id='word_1_26' title='bbox 327 545 455 620; x_wconf 75' lang='grc' dir='ltr'><strong><em>σφαῖρα</em></strong></span> <span class='ocrx_word' id='word_1_27' title='bbox 472 530 549 618; x_wconf 78' lang='grc' dir='ltr'><strong><em>ἤτοι</em></strong></span> <span class='ocrx_word' id='word_1_28' title='bbox 565 531 651 616; x_wconf 70' lang='grc' dir='ltr'><strong><em>πρὸς</em></strong></span> <span class='ocrx_word' id='word_1_29' title='bbox 668 532 836 602; x_wconf 85' lang='grc' dir='ltr'><strong><em>ἐλάσσονά</em></strong></span> <span class='ocrx_word' id='word_1_30' title='bbox 851 559 932 602; x_wconf 82' lang='grc' dir='ltr'><strong><em>τινα</em></strong></span> <span class='ocrx_word' id='word_1_31' title='bbox 948 548 1097 622; x_wconf 74' lang='grc' dir='ltr'><strong><em>σφαῖραν</em></strong></span> 
     </span>
     <span class='ocr_line' id='line_1_5' title="bbox 79 634 1096 727; baseline 0.005 -22"><span class='ocrx_word' id='word_1_32' title='bbox 79 642 140 724; x_wconf 75' lang='grc' dir='ltr'><strong><em>τῆς</em></strong></span> <span class='ocrx_word' id='word_1_33' title='bbox 163 645 265 706; x_wconf 85' lang='grc' dir='ltr'><strong><em>ΔΕΖ</em></strong></span> <span class='ocrx_word' id='word_1_34' title='bbox 287 634 309 724; x_wconf 78' lang='grc' dir='ltr'><strong><em>ἢ</em></strong></span> <span class='ocrx_word' id='word_1_35' title='bbox 332 637 415 726; x_wconf 79' lang='grc' dir='ltr'><strong><em>πρὸς</em></strong></span> <span class='ocrx_word' id='word_1_36' title='bbox 440 645 576 726; x_wconf 65' lang='grc' dir='ltr'><strong><em>μείζονα</em></strong></span> <span class='ocrx_word' id='word_1_37' title='bbox 597 645 818 725; x_wconf 81' lang='grc' dir='ltr'><strong><em>τριπλασίονα</em></strong></span> <span class='ocrx_word' id='word_1_38' title='bbox 841 639 948 727; x_wconf 86' lang='grc' dir='ltr'><strong><em>λύγον</em></strong></span> <span class='ocrx_word' id='word_1_39' title='bbox 972 638 1096 727; x_wconf 79' lang='grc' dir='ltr'><strong><em>ἥπερὴ</em></strong></span> 
     </span>
     <span class='ocr_line' id='line_1_6' title="bbox 82 743 1097 832; baseline -0.001 -18"><span class='ocrx_word' id='word_1_40' title='bbox 82 752 149 814; x_wconf 87' lang='grc' dir='ltr'><strong><em>ΒΓ</em></strong></span> <span class='ocrx_word' id='word_1_41' title='bbox 172 744 257 831; x_wconf 81' lang='grc' dir='ltr'><strong><em>πρὸς</em></strong></span> <span class='ocrx_word' id='word_1_42' title='bbox 283 744 346 832; x_wconf 82' lang='grc' dir='ltr'><strong><em>τὴν</em></strong></span> <span class='ocrx_word' id='word_1_43' title='bbox 374 752 446 812; x_wconf 84' lang='grc' dir='ltr'><strong><em>ΒΖ.</em></strong></span> <span class='ocrx_word' id='word_1_44' title='bbox 496 745 595 832; x_wconf 79' lang='grc' dir='ltr'><strong><em>ἐχέτω</em></strong></span> <span class='ocrx_word' id='word_1_45' title='bbox 623 745 789 832; x_wconf 84' lang='grc' dir='ltr'><strong><em>πρότερον</em></strong></span> <span class='ocrx_word' id='word_1_46' title='bbox 814 743 900 832; x_wconf 75' lang='grc' dir='ltr'><strong><em>πρὸς</em></strong></span> <span class='ocrx_word' id='word_1_47' title='bbox 932 746 1097 815; x_wconf 82' lang='grc' dir='ltr'><strong><em>ἐλάσσονα</em></strong></span> 
     </span>
     <span class='ocr_line' id='line_1_7' title="bbox 80 848 1096 949; baseline 0.002 -31"><span class='ocrx_word' id='word_1_48' title='bbox 80 851 142 937; x_wconf 80' lang='grc' dir='ltr'><strong><em>τὴν</em></strong></span> <span class='ocrx_word' id='word_1_49' title='bbox 165 856 285 936; x_wconf 79' lang='grc' dir='ltr'><em>ΗΘΚ,</em></span> <span class='ocrx_word' id='word_1_50' title='bbox 312 850 368 918; x_wconf 73' lang='grc' dir='ltr'><strong><em>καί</em></strong></span> <span class='ocrx_word' id='word_1_51' title='bbox 395 848 618 949; x_wconf 77' lang='grc' dir='ltr'><strong><em>νενοήσθωὴ</em></strong></span> <span class='ocrx_word' id='word_1_52' title='bbox 641 859 743 920; x_wconf 82' lang='grc' dir='ltr'><strong><em>ΔΕΖ</em></strong></span> <span class='ocrx_word' id='word_1_53' title='bbox 763 856 806 940; x_wconf 77' lang='grc' dir='ltr'><strong><em>τῇ</em></strong></span> <span class='ocrx_word' id='word_1_54' title='bbox 827 858 937 920; x_wconf 86' lang='grc' dir='ltr'><strong><em>ΗΘΚ</em></strong></span> <span class='ocrx_word' id='word_1_55' title='bbox 963 851 1096 938; x_wconf 73' lang='grc' dir='ltr'><strong><em>περὶτὰ</em></strong></span> 
     </span>
     <span class='ocr_line' id='line_1_8' title="bbox 82 954 1097 1046; baseline 0.002 -22"><span class='ocrx_word' id='word_1_56' title='bbox 82 954 164 1025; x_wconf 88' lang='grc' dir='ltr'><strong><em>αύτὸ</em></strong></span> <span class='ocrx_word' id='word_1_57' title='bbox 185 959 337 1043; x_wconf 80' lang='grc' dir='ltr'><strong><em>κέντρον,</em></strong></span> <span class='ocrx_word' id='word_1_58' title='bbox 359 957 416 1024; x_wconf 79' lang='grc' dir='ltr'><strong><em>καὶ</em></strong></span> <span class='ocrx_word' id='word_1_59' title='bbox 438 956 502 1025; x_wconf 93' lang='grc' dir='ltr'><strong><em>δύο</em></strong></span> <span class='ocrx_word' id='word_1_60' title='bbox 526 961 680 1043; x_wconf 74' lang='grc' dir='ltr'><strong><em>σφαιρῶν</em></strong></span> <span class='ocrx_word' id='word_1_61' title='bbox 702 959 779 1044; x_wconf 79' lang='grc' dir='ltr'><strong><em>περὶ</em></strong></span> <span class='ocrx_word' id='word_1_62' title='bbox 799 957 839 1026; x_wconf 84' lang='grc' dir='ltr'><strong><em>τὸ</em></strong></span> <span class='ocrx_word' id='word_1_63' title='bbox 856 955 941 1026; x_wconf 85' lang='grc' dir='ltr'><strong><em>αύτὸ</em></strong></span> <span class='ocrx_word' id='word_1_64' title='bbox 959 959 1097 1046; x_wconf 85' lang='grc' dir='ltr'><strong><em>ιιέντρον</em></strong></span> 
     </span>
     <span class='ocr_line' id='line_1_9' title="bbox 82 1061 1096 1151; baseline 0 -19"><span class='ocrx_word' id='word_1_65' title='bbox 82 1061 195 1132; x_wconf 79' lang='grc' dir='ltr'><strong><em>οὐσῶν</em></strong></span> <span class='ocrx_word' id='word_1_66' title='bbox 218 1073 287 1130; x_wconf 75' lang='grc' dir='ltr'><strong><em>τῶν</em></strong></span> <span class='ocrx_word' id='word_1_67' title='bbox 306 1070 424 1148; x_wconf 85' lang='grc' dir='ltr'><em>ΔΕΖ,</em></span> <span class='ocrx_word' id='word_1_68' title='bbox 442 1069 551 1131; x_wconf 86' lang='grc' dir='ltr'><strong><em>ΗΘΚ</em></strong></span> <span class='ocrx_word' id='word_1_69' title='bbox 567 1066 615 1142; x_wconf 82' lang='grc' dir='ltr'><strong><em>είς</em></strong></span> <span class='ocrx_word' id='word_1_70' title='bbox 631 1062 695 1150; x_wconf 84' lang='grc' dir='ltr'><strong><em>τὴν</em></strong></span> <span class='ocrx_word' id='word_1_71' title='bbox 712 1069 848 1150; x_wconf 80' lang='grc' dir='ltr'><strong><em>μείζονα</em></strong></span> <span class='ocrx_word' id='word_1_72' title='bbox 867 1077 1023 1151; x_wconf 75' lang='grc' dir='ltr'><strong><em>σφαῖραν</em></strong></span> <span class='ocrx_word' id='word_1_73' title='bbox 1039 1063 1096 1151; x_wconf 75' lang='grc' dir='ltr'><strong><em>τὴν</em></strong></span> 
     </span>
     <span class='ocr_line' id='line_1_10' title="bbox 82 1166 1098 1257; baseline 0 -20"><span class='ocrx_word' id='word_1_74' title='bbox 82 1176 185 1239; x_wconf 84' lang='grc' dir='ltr'><em>ΑΕΖ</em></span> <span class='ocrx_word' id='word_1_75' title='bbox 207 1167 345 1252; x_wconf 85' lang='grc' dir='ltr'><strong><em>στερεὸν</em></strong></span> <span class='ocrx_word' id='word_1_76' title='bbox 371 1166 563 1253; x_wconf 70' lang='grc' dir='ltr'><strong><em>πολύεδρον</em></strong></span> <span class='ocrx_word' id='word_1_77' title='bbox 586 1169 808 1256; x_wconf 73' lang='grc' dir='ltr'><strong><em>ἐγγεγράφθω</em></strong></span> <span class='ocrx_word' id='word_1_78' title='bbox 835 1169 881 1256; x_wconf 79' lang='grc' dir='ltr'><strong><em>μὴ</em></strong></span> <span class='ocrx_word' id='word_1_79' title='bbox 905 1172 1024 1250; x_wconf 71' lang='grc' dir='ltr'><strong><em>ψαῦον</em></strong></span> <span class='ocrx_word' id='word_1_80' title='bbox 1044 1173 1098 1257; x_wconf 77' lang='grc' dir='ltr'><strong><em>τῆς</em></strong></span> 
     </span>
     <span class='ocr_line' id='line_1_11' title="bbox 82 1274 1097 1363; baseline 0.002 -20"><span class='ocrx_word' id='word_1_81' title='bbox 82 1275 264 1354; x_wconf 76' lang='grc' dir='ltr'><strong><em>ἐλάσσονος</em></strong></span> <span class='ocrx_word' id='word_1_82' title='bbox 290 1279 437 1362; x_wconf 75' lang='grc' dir='ltr'><strong><em>σφαίρας</em></strong></span> <span class='ocrx_word' id='word_1_83' title='bbox 462 1278 521 1360; x_wconf 78' lang='grc' dir='ltr'><strong><em>τῆς</em></strong></span> <span class='ocrx_word' id='word_1_84' title='bbox 546 1280 657 1342; x_wconf 86' lang='grc' dir='ltr'><strong><em>ΗΘΚ</em></strong></span> <span class='ocrx_word' id='word_1_85' title='bbox 680 1275 763 1343; x_wconf 76' lang='grc' dir='ltr'><strong><em>κατὰ</em></strong></span> <span class='ocrx_word' id='word_1_86' title='bbox 790 1274 854 1361; x_wconf 74' lang='grc' dir='ltr'><strong><em>τὴν</em></strong></span> <span class='ocrx_word' id='word_1_87' title='bbox 886 1275 1097 1363; x_wconf 80' lang='grc' dir='ltr'><strong><em>ἐπιφάνειαν,</em></strong></span> 
     </span>
     <span class='ocr_line' id='line_1_12' title="bbox 81 1379 1096 1474; baseline 0.003 -26"><span class='ocrx_word' id='word_1_88' title='bbox 81 1383 138 1449; x_wconf 86' lang='grc' dir='ltr'><strong><em>καὶ</em></strong></span> <span class='ocrx_word' id='word_1_89' title='bbox 169 1381 393 1467; x_wconf 79' lang='grc' dir='ltr'><strong><em>ἐγγεγράφθω</em></strong></span> <span class='ocrx_word' id='word_1_90' title='bbox 425 1383 473 1460; x_wconf 76' lang='grc' dir='ltr'><strong><em>είς</em></strong></span> <span class='ocrx_word' id='word_1_91' title='bbox 503 1379 567 1466; x_wconf 78' lang='grc' dir='ltr'><strong><em>τὴν</em></strong></span> <span class='ocrx_word' id='word_1_92' title='bbox 595 1388 700 1450; x_wconf 86' lang='grc' dir='ltr'><strong><em>ΑΒΓ</em></strong></span> <span class='ocrx_word' id='word_1_93' title='bbox 727 1395 877 1468; x_wconf 84' lang='grc' dir='ltr'><strong><em>σφαῖραν</em></strong></span> <span class='ocrx_word' id='word_1_94' title='bbox 908 1393 969 1473; x_wconf 79' lang='grc' dir='ltr'><strong><em>τῷ·</em></strong></span> <span class='ocrx_word' id='word_1_95' title='bbox 991 1385 1030 1451; x_wconf 86' lang='grc' dir='ltr'><strong><em>ἐν</em></strong></span> <span class='ocrx_word' id='word_1_96' title='bbox 1055 1391 1096 1474; x_wconf 71' lang='grc' dir='ltr'><strong><em>τῷ</em></strong></span> 
     </span>
     <span class='ocr_line' id='line_1_13' title="bbox 81 1485 1096 1580; baseline 0.001 -25"><span class='ocrx_word' id='word_1_97' title='bbox 81 1495 183 1556; x_wconf 85' lang='grc' dir='ltr'><strong><em>ΔΕΖ</em></strong></span> <span class='ocrx_word' id='word_1_98' title='bbox 206 1491 328 1580; x_wconf 79' lang='grc' dir='ltr'><strong><em>στερεῷ</em></strong></span> <span class='ocrx_word' id='word_1_99' title='bbox 351 1487 526 1575; x_wconf 78' lang='grc' dir='ltr'><strong><em>πολυέδρῳ</em></strong></span> <span class='ocrx_word' id='word_1_100' title='bbox 550 1485 670 1573; x_wconf 84' lang='grc' dir='ltr'><strong><em>ὅμοιόν</em></strong></span> <span class='ocrx_word' id='word_1_101' title='bbox 683 1513 718 1556; x_wconf 87' lang='grc' dir='ltr'><strong><em>τε</em></strong></span> <span class='ocrx_word' id='word_1_102' title='bbox 731 1488 788 1556; x_wconf 75' lang='grc' dir='ltr'><strong><em>καὶ</em></strong></span> <span class='ocrx_word' id='word_1_103' title='bbox 803 1485 930 1575; x_wconf 75' lang='grc' dir='ltr'><strong><em>ὁμοίως</em></strong></span> <span class='ocrx_word' id='word_1_104' title='bbox 941 1494 1096 1576; x_wconf 79' lang='grc' dir='ltr'><strong><em>κείμενον</em></strong></span> 
     </span>
     <span class='ocr_line' id='line_1_14' title="bbox 83 1590 1099 1686; baseline 0.002 -24"><span class='ocrx_word' id='word_1_105' title='bbox 83 1592 219 1681; x_wconf 84' lang='grc' dir='ltr'><strong><em>στερεὸν</em></strong></span> <span class='ocrx_word' id='word_1_106' title='bbox 241 1592 439 1679; x_wconf 80' lang='grc' dir='ltr'><strong><em>πολύεδρον.</em></strong></span> <span class='ocrx_word' id='word_1_107' title='bbox 479 1591 518 1660; x_wconf 83' lang='grc' dir='ltr'><strong><em>τὸ</em></strong></span> <span class='ocrx_word' id='word_1_108' title='bbox 541 1590 609 1679; x_wconf 77' lang='grc' dir='ltr'><strong><em>ἄρα</em></strong></span> <span class='ocrx_word' id='word_1_109' title='bbox 632 1595 670 1662; x_wconf 87' lang='grc' dir='ltr'><strong><em>ἐν</em></strong></span> <span class='ocrx_word' id='word_1_110' title='bbox 691 1598 733 1683; x_wconf 79' lang='grc' dir='ltr'><strong><em>τῇ</em></strong></span> <span class='ocrx_word' id='word_1_111' title='bbox 756 1599 860 1663; x_wconf 85' lang='grc' dir='ltr'><strong><em>ΑΒΓ</em></strong></span> <span class='ocrx_word' id='word_1_112' title='bbox 877 1599 1011 1686; x_wconf 90' lang='grc' dir='ltr'><strong><em>σφαίρᾳ</em></strong></span> <span class='ocrx_word' id='word_1_113' title='bbox 1033 1614 1099 1664; x_wconf 87' lang='grc' dir='ltr'><strong><em>στε·</em></strong></span> 
     </span>
     <span class='ocr_line' id='line_1_15' title="bbox 84 1695 1098 1792; baseline 0.003 -23"><span class='ocrx_word' id='word_1_114' title='bbox 84 1699 163 1787; x_wconf 86' lang='grc' dir='ltr'><strong><em>ρεὸν</em></strong></span> <span class='ocrx_word' id='word_1_115' title='bbox 186 1698 375 1784; x_wconf 79' lang='grc' dir='ltr'><strong><em>πολύεδρον</em></strong></span> <span class='ocrx_word' id='word_1_116' title='bbox 397 1695 482 1784; x_wconf 72' lang='grc' dir='ltr'><strong><em>πρὸς</em></strong></span> <span class='ocrx_word' id='word_1_117' title='bbox 504 1696 543 1765; x_wconf 83' lang='grc' dir='ltr'><strong><em>τὸ</em></strong></span> <span class='ocrx_word' id='word_1_118' title='bbox 567 1699 604 1766; x_wconf 83' lang='grc' dir='ltr'><strong><em>ἐν</em></strong></span> <span class='ocrx_word' id='word_1_119' title='bbox 626 1702 666 1787; x_wconf 77' lang='grc' dir='ltr'><strong><em>τῇ</em></strong></span> <span class='ocrx_word' id='word_1_120' title='bbox 686 1706 787 1767; x_wconf 82' lang='grc' dir='ltr'><em>ΑΕΖ</em></span> <span class='ocrx_word' id='word_1_121' title='bbox 809 1704 940 1792; x_wconf 88' lang='grc' dir='ltr'><strong><em>σφαίρᾳ</em></strong></span> <span class='ocrx_word' id='word_1_122' title='bbox 963 1702 1098 1789; x_wconf 79' lang='grc' dir='ltr'><strong><em>στερεὸν</em></strong></span> 
     </span>
     <span class='ocr_line' id='line_1_16' title="bbox 82 1803 1100 1896; baseline 0.003 -22"><span class='ocrx_word' id='word_1_123' title='bbox 82 1807 272 1892; x_wconf 86' lang='grc' dir='ltr'><strong><em>πολύεδρον</em></strong></span> <span class='ocrx_word' id='word_1_124' title='bbox 298 1809 519 1893; x_wconf 80' lang='grc' dir='ltr'><strong><em>τριπλασίονα</em></strong></span> <span class='ocrx_word' id='word_1_125' title='bbox 546 1803 650 1891; x_wconf 87' lang='grc' dir='ltr'><strong><em>λόγον</em></strong></span> <span class='ocrx_word' id='word_1_126' title='bbox 678 1809 745 1893; x_wconf 78' lang='grc' dir='ltr'><strong><em>ἔχει</em></strong></span> <span class='ocrx_word' id='word_1_127' title='bbox 771 1804 856 1895; x_wconf 77' lang='grc' dir='ltr'><strong><em>ἥπερ</em></strong></span> <span class='ocrx_word' id='word_1_128' title='bbox 882 1803 905 1893; x_wconf 80' lang='grc' dir='ltr'><em>ἡ</em></span> <span class='ocrx_word' id='word_1_129' title='bbox 928 1814 997 1876; x_wconf 93' lang='grc' dir='ltr'><em>ΒΓ</em></span> <span class='ocrx_word' id='word_1_130' title='bbox 1020 1807 1100 1896; x_wconf 85' lang='grc' dir='ltr'><strong><em>πρὸς</em></strong></span> 
     </span>
     <span class='ocr_line' id='line_1_17' title="bbox 81 1907 1101 2000; baseline 0.003 -19"><span class='ocrx_word' id='word_1_131' title='bbox 81 1911 143 2000; x_wconf 81' lang='grc' dir='ltr'><strong><em>τὴν</em></strong></span> <span class='ocrx_word' id='word_1_132' title='bbox 163 1919 234 1982; x_wconf 82' lang='grc' dir='ltr'><strong><em>ΕΖ.</em></strong></span> <span class='ocrx_word' id='word_1_133' title='bbox 270 1915 337 1998; x_wconf 78' lang='grc' dir='ltr'><strong><em>ἔχει</em></strong></span> <span class='ocrx_word' id='word_1_134' title='bbox 361 1910 399 1980; x_wconf 74' lang='grc' dir='ltr'><strong><em>δέ</em></strong></span> <span class='ocrx_word' id='word_1_135' title='bbox 420 1910 476 1978; x_wconf 80' lang='grc' dir='ltr'><strong><em>ιιαλ</em></strong></span> <span class='ocrx_word' id='word_1_136' title='bbox 499 1907 520 1996; x_wconf 76' lang='grc' dir='ltr'><em>ἡ</em></span> <span class='ocrx_word' id='word_1_137' title='bbox 539 1916 643 1979; x_wconf 90' lang='grc' dir='ltr'><strong><em>ΑΒΓ</em></strong></span> <span class='ocrx_word' id='word_1_138' title='bbox 661 1923 789 1997; x_wconf 86' lang='grc' dir='ltr'><strong><em>σφαίρα</em></strong></span> <span class='ocrx_word' id='word_1_139' title='bbox 810 1910 895 1998; x_wconf 75' lang='grc' dir='ltr'><strong><em>πρὸς</em></strong></span> <span class='ocrx_word' id='word_1_140' title='bbox 916 1912 981 2000; x_wconf 80' lang='grc' dir='ltr'><strong><em>τὴν</em></strong></span> <span class='ocrx_word' id='word_1_141' title='bbox 994 1921 1101 1984; x_wconf 90' lang='grc' dir='ltr'><strong><em>ΗΘΚ</em></strong></span> 
     </span>
     <span class='ocr_line' id='line_1_18' title="bbox 81 2015 1100 2105; baseline 0.003 -18"><span class='ocrx_word' id='word_1_142' title='bbox 81 2023 300 2105; x_wconf 75' lang='grc' dir='ltr'><strong><em>τριπλασίων</em></strong></span> <span class='ocrx_word' id='word_1_143' title='bbox 326 2016 431 2104; x_wconf 89' lang='grc' dir='ltr'><strong><em>λόγον</em></strong></span> <span class='ocrx_word' id='word_1_144' title='bbox 459 2015 544 2103; x_wconf 81' lang='grc' dir='ltr'><strong><em>ἥπερ</em></strong></span> <span class='ocrx_word' id='word_1_145' title='bbox 570 2015 593 2103; x_wconf 79' lang='grc' dir='ltr'><em>ἡ</em></span> <span class='ocrx_word' id='word_1_146' title='bbox 616 2022 684 2086; x_wconf 90' lang='grc' dir='ltr'><strong><em>ΒΓ</em></strong></span> <span class='ocrx_word' id='word_1_147' title='bbox 700 2015 785 2103; x_wconf 80' lang='grc' dir='ltr'><strong><em>πρὸς</em></strong></span> <span class='ocrx_word' id='word_1_148' title='bbox 805 2017 868 2105; x_wconf 77' lang='grc' dir='ltr'><strong><em>τὴν</em></strong></span> <span class='ocrx_word' id='word_1_149' title='bbox 891 2025 965 2088; x_wconf 80' lang='grc' dir='ltr'><strong><em>ΒΖ.</em></strong></span> <span class='ocrx_word' id='word_1_150' title='bbox 1011 2027 1100 2090; x_wconf 79' lang='grc' dir='ltr'><strong><em>ἔστιν</em></strong></span> 
     </span>
     <span class='ocr_line' id='line_1_19' title="bbox 82 2122 1100 2214; baseline 0.001 -20"><span class='ocrx_word' id='word_1_151' title='bbox 82 2125 148 2212; x_wconf 77' lang='grc' dir='ltr'><strong><em>ἄρα</em></strong></span> <span class='ocrx_word' id='word_1_152' title='bbox 180 2122 226 2204; x_wconf 78' lang='grc' dir='ltr'><strong><em>ὡς</em></strong></span> <span class='ocrx_word' id='word_1_153' title='bbox 257 2122 278 2211; x_wconf 82' lang='grc' dir='ltr'><em>ἡ</em></span> <span class='ocrx_word' id='word_1_154' title='bbox 306 2130 412 2192; x_wconf 92' lang='grc' dir='ltr'><strong><em>ΑΒΓ</em></strong></span> <span class='ocrx_word' id='word_1_155' title='bbox 438 2136 566 2210; x_wconf 76' lang='grc' dir='ltr'><strong><em>σφαῖρα</em></strong></span> <span class='ocrx_word' id='word_1_156' title='bbox 597 2123 681 2209; x_wconf 79' lang='grc' dir='ltr'><strong><em>πρὸς</em></strong></span> <span class='ocrx_word' id='word_1_157' title='bbox 712 2123 775 2212; x_wconf 77' lang='grc' dir='ltr'><strong><em>τὴν</em></strong></span> <span class='ocrx_word' id='word_1_158' title='bbox 801 2132 911 2194; x_wconf 92' lang='grc' dir='ltr'><strong><em>ΗΘΚ</em></strong></span> <span class='ocrx_word' id='word_1_159' title='bbox 938 2140 1100 2214; x_wconf 74' lang='grc' dir='ltr'><strong><em>σφαῖραν,</em></strong></span> 
     </span>
     <span class='ocr_line' id='line_1_20' title="bbox 82 2228 1101 2319; baseline 0.001 -19"><span class='ocrx_word' id='word_1_160' title='bbox 82 2230 190 2312; x_wconf 80' lang='grc' dir='ltr'><strong><em>οὕτως</em></strong></span> <span class='ocrx_word' id='word_1_161' title='bbox 219 2230 257 2299; x_wconf 83' lang='grc' dir='ltr'><strong><em>τὸ</em></strong></span> <span class='ocrx_word' id='word_1_162' title='bbox 287 2234 324 2299; x_wconf 93' lang='grc' dir='ltr'><strong><em>ἐν</em></strong></span> <span class='ocrx_word' id='word_1_163' title='bbox 352 2234 392 2319; x_wconf 77' lang='grc' dir='ltr'><strong><em>τῇ</em></strong></span> <span class='ocrx_word' id='word_1_164' title='bbox 420 2235 524 2297; x_wconf 85' lang='grc' dir='ltr'><em>ΑΒΓ</em></span> <span class='ocrx_word' id='word_1_165' title='bbox 546 2228 683 2315; x_wconf 86' lang='grc' dir='ltr'><strong><em>στερεὸν</em></strong></span> <span class='ocrx_word' id='word_1_166' title='bbox 709 2228 909 2318; x_wconf 83' lang='grc' dir='ltr'><strong><em>πολύεδρον.</em></strong></span> <span class='ocrx_word' id='word_1_167' title='bbox 959 2232 1101 2314; x_wconf 79' lang='grc' dir='ltr'><strong><em>ἐναλλάξ</em></strong></span> 
     </span>
     <span class='ocr_line' id='line_1_21' title="bbox 81 2334 1102 2426; baseline 0.002 -21"><span class='ocrx_word' id='word_1_168' title='bbox 81 2336 148 2424; x_wconf 86' lang='grc' dir='ltr'><strong><em>άρα</em></strong></span> <span class='ocrx_word' id='word_1_169' title='bbox 176 2337 267 2405; x_wconf 82' lang='grc' dir='ltr'><strong><em>ἐστὶν</em></strong></span> <span class='ocrx_word' id='word_1_170' title='bbox 294 2334 341 2416; x_wconf 81' lang='grc' dir='ltr'><strong><em>ὡς</em></strong></span> <span class='ocrx_word' id='word_1_171' title='bbox 367 2334 388 2422; x_wconf 79' lang='grc' dir='ltr'><strong><em>ἡ</em></strong></span> <span class='ocrx_word' id='word_1_172' title='bbox 412 2342 516 2405; x_wconf 91' lang='grc' dir='ltr'><strong><em>ΑΒΓ</em></strong></span> <span class='ocrx_word' id='word_1_173' title='bbox 538 2349 666 2422; x_wconf 74' lang='grc' dir='ltr'><strong><em>σφαῖρα</em></strong></span> <span class='ocrx_word' id='word_1_174' title='bbox 692 2335 777 2425; x_wconf 75' lang='grc' dir='ltr'><strong><em>πρὸς</em></strong></span> <span class='ocrx_word' id='word_1_175' title='bbox 802 2335 841 2405; x_wconf 77' lang='grc' dir='ltr'><strong><em>τὸ</em></strong></span> <span class='ocrx_word' id='word_1_176' title='bbox 870 2339 908 2405; x_wconf 85' lang='grc' dir='ltr'><strong><em>ἐν</em></strong></span> <span class='ocrx_word' id='word_1_177' title='bbox 931 2335 1020 2426; x_wconf 79' lang='grc' dir='ltr'><strong><em>αὐτῇ</em></strong></span> <span class='ocrx_word' id='word_1_178' title='bbox 1043 2365 1102 2408; x_wconf 90' lang='grc' dir='ltr'><strong><em>πο-</em></strong></span> 
     </span>
     <span class='ocr_line' id='line_1_22' title="bbox 83 2441 1101 2533; baseline 0.003 -22"><span class='ocrx_word' id='word_1_179' title='bbox 83 2444 237 2528; x_wconf 87' lang='grc' dir='ltr'><strong><em>λύεδρον,</em></strong></span> <span class='ocrx_word' id='word_1_180' title='bbox 261 2441 368 2523; x_wconf 74' lang='grc' dir='ltr'><strong><em>οὕτως</em></strong></span> <span class='ocrx_word' id='word_1_181' title='bbox 389 2442 411 2529; x_wconf 78' lang='grc' dir='ltr'><em>ἡ</em></span> <span class='ocrx_word' id='word_1_182' title='bbox 435 2449 544 2511; x_wconf 87' lang='grc' dir='ltr'><strong><em>ΗΘΚ</em></strong></span> <span class='ocrx_word' id='word_1_183' title='bbox 564 2454 692 2530; x_wconf 76' lang='grc' dir='ltr'><strong><em>σφαῖρα</em></strong></span> <span class='ocrx_word' id='word_1_184' title='bbox 714 2443 798 2531; x_wconf 83' lang='grc' dir='ltr'><strong><em>πρὸς</em></strong></span> <span class='ocrx_word' id='word_1_185' title='bbox 818 2442 857 2511; x_wconf 88' lang='grc' dir='ltr'><strong><em>τὸ</em></strong></span> <span class='ocrx_word' id='word_1_186' title='bbox 880 2445 919 2512; x_wconf 85' lang='grc' dir='ltr'><strong><em>ἐν</em></strong></span> <span class='ocrx_word' id='word_1_187' title='bbox 941 2447 983 2533; x_wconf 74' lang='grc' dir='ltr'><strong><em>τῇ</em></strong></span> <span class='ocrx_word' id='word_1_188' title='bbox 999 2453 1101 2514; x_wconf 85' lang='grc' dir='ltr'><strong><em>ΔΕΖ</em></strong></span> 
     </span>
     <span class='ocr_line' id='line_1_23' title="bbox 85 2545 1102 2641; baseline 0.003 -23"><span class='ocrx_word' id='word_1_189' title='bbox 85 2555 213 2640; x_wconf 80' lang='grc' dir='ltr'><strong><em>σφαίρᾳ</em></strong></span> <span class='ocrx_word' id='word_1_190' title='bbox 235 2548 372 2637; x_wconf 86' lang='grc' dir='ltr'><strong><em>στερεὸν</em></strong></span> <span class='ocrx_word' id='word_1_191' title='bbox 390 2549 589 2637; x_wconf 84' lang='grc' dir='ltr'><strong><em>πολύεδρον.</em></strong></span> <span class='ocrx_word' id='word_1_192' title='bbox 622 2554 742 2637; x_wconf 78' lang='grc' dir='ltr'><strong><em>μείζων</em></strong></span> <span class='ocrx_word' id='word_1_193' title='bbox 761 2549 799 2618; x_wconf 74' lang='grc' dir='ltr'><strong><em>δὲ</em></strong></span> <span class='ocrx_word' id='word_1_194' title='bbox 817 2545 838 2636; x_wconf 82' lang='grc' dir='ltr'><em>ἡ</em></span> <span class='ocrx_word' id='word_1_195' title='bbox 853 2555 958 2618; x_wconf 85' lang='grc' dir='ltr'><em>ΑΒΓ</em></span> <span class='ocrx_word' id='word_1_196' title='bbox 971 2564 1102 2641; x_wconf 74' lang='grc' dir='ltr'><strong><em>σφαῖρα</em></strong></span> 
     </span>
     <span class='ocr_line' id='line_1_24' title="bbox 81 2653 1104 2743; baseline 0.002 -18"><span class='ocrx_word' id='word_1_197' title='bbox 81 2660 142 2725; x_wconf 83' lang='grc' dir='ltr'><strong><em>τοῦ</em></strong></span> <span class='ocrx_word' id='word_1_198' title='bbox 175 2658 212 2724; x_wconf 86' lang='grc' dir='ltr'><strong><em>ἐν</em></strong></span> <span class='ocrx_word' id='word_1_199' title='bbox 245 2653 329 2743; x_wconf 74' lang='grc' dir='ltr'><strong><em>αὐτῇ</em></strong></span> <span class='ocrx_word' id='word_1_200' title='bbox 361 2656 559 2741; x_wconf 79' lang='grc' dir='ltr'><strong><em>πολυέδρου.</em></strong></span> <span class='ocrx_word' id='word_1_201' title='bbox 608 2661 729 2741; x_wconf 80' lang='grc' dir='ltr'><strong><em>μείζων</em></strong></span> <span class='ocrx_word' id='word_1_202' title='bbox 761 2654 830 2742; x_wconf 80' lang='grc' dir='ltr'><strong><em>ἄρα</em></strong></span> <span class='ocrx_word' id='word_1_203' title='bbox 855 2655 911 2722; x_wconf 73' lang='grc' dir='ltr'><strong><em>καί</em></strong></span> <span class='ocrx_word' id='word_1_204' title='bbox 942 2653 965 2742; x_wconf 77' lang='grc' dir='ltr'><em>ἡ</em></span> <span class='ocrx_word' id='word_1_205' title='bbox 993 2664 1104 2726; x_wconf 85' lang='grc' dir='ltr'><strong><em>ΗΘΚ</em></strong></span> 
     </span>
     <span class='ocr_line' id='line_1_25' title="bbox 82 2746 1102 2852; baseline 0.002 -22"><span class='ocrx_word' id='word_1_206' title='bbox 82 2775 209 2848; x_wconf 77' lang='grc' dir='ltr'><strong><em>σφαῖρα</em></strong></span> <span class='ocrx_word' id='word_1_207' title='bbox 238 2770 299 2828; x_wconf 82' lang='grc' dir='ltr'><strong><em>τοῦ</em></strong></span> <span class='ocrx_word' id='word_1_208' title='bbox 327 2762 364 2828; x_wconf 89' lang='grc' dir='ltr'><strong><em>ἐν</em></strong></span> <span class='ocrx_word' id='word_1_209' title='bbox 391 2764 431 2848; x_wconf 76' lang='grc' dir='ltr'><strong><em>τῇ</em></strong></span> <span class='ocrx_word' id='word_1_210' title='bbox 455 2746 563 2828; x_wconf 83' lang='grc' dir='ltr'><em>ΔΕΖ·</em></span> <span class='ocrx_word' id='word_1_211' title='bbox 579 2766 708 2852; x_wconf 87' lang='grc' dir='ltr'><strong><em>σφαίρᾳ</em></strong></span> <span class='ocrx_word' id='word_1_212' title='bbox 735 2765 871 2849; x_wconf 83' lang='grc' dir='ltr'><strong><em>στερεοῦ</em></strong></span> <span class='ocrx_word' id='word_1_213' title='bbox 898 2763 1102 2850; x_wconf 79' lang='grc' dir='ltr'><strong><em>πολυέδρου.</em></strong></span> 
     </span>
     <span class='ocr_line' id='line_1_26' title="bbox 81 2865 1101 2955; baseline 0.002 -20"><span class='ocrx_word' id='word_1_214' title='bbox 81 2866 166 2935; x_wconf 82' lang='grc' dir='ltr'><strong><em>ἀλλὰ</em></strong></span> <span class='ocrx_word' id='word_1_215' title='bbox 190 2867 246 2934; x_wconf 84' lang='grc' dir='ltr'><strong><em>καὶ</em></strong></span> <span class='ocrx_word' id='word_1_216' title='bbox 269 2865 435 2934; x_wconf 76' lang='grc' dir='ltr'><strong><em>ἐλάσσων·</em></strong></span> <span class='ocrx_word' id='word_1_217' title='bbox 458 2867 682 2955; x_wconf 81' lang='grc' dir='ltr'><strong><em>ἐμπεριέχεται</em></strong></span> <span class='ocrx_word' id='word_1_218' title='bbox 704 2866 783 2952; x_wconf 91' lang='grc' dir='ltr'><strong><em>γάρ·</em></strong></span> <span class='ocrx_word' id='word_1_219' title='bbox 811 2865 892 2955; x_wconf 85' lang='grc' dir='ltr'><strong><em>ὅπερ</em></strong></span> <span class='ocrx_word' id='word_1_220' title='bbox 915 2866 1101 2937; x_wconf 82' lang='grc' dir='ltr'><strong><em>άδύνατον.</em></strong></span> 
     </span>
     <span class='ocr_line' id='line_1_27' title="bbox 82 2970 1102 3059; baseline 0.002 -18"><span class='ocrx_word' id='word_1_221' title='bbox 82 2971 145 3042; x_wconf 90' lang='grc' dir='ltr'><strong><em>ούκ</em></strong></span> <span class='ocrx_word' id='word_1_222' title='bbox 168 2972 234 3059; x_wconf 85' lang='grc' dir='ltr'><strong><em>άροι</em></strong></span> <span class='ocrx_word' id='word_1_223' title='bbox 256 2970 277 3059; x_wconf 85' lang='grc' dir='ltr'><em>ἡ</em></span> <span class='ocrx_word' id='word_1_224' title='bbox 302 2978 366 3041; x_wconf 90' lang='grc' dir='ltr'><em>ΒΓ</em></span> <span class='ocrx_word' id='word_1_225' title='bbox 386 2985 513 3059; x_wconf 80' lang='grc' dir='ltr'><strong><em>σφαῖρα</em></strong></span> <span class='ocrx_word' id='word_1_226' title='bbox 536 2970 621 3059; x_wconf 78' lang='grc' dir='ltr'><strong><em>πρὸς</em></strong></span> <span class='ocrx_word' id='word_1_227' title='bbox 643 2971 787 3042; x_wconf 79' lang='grc' dir='ltr'><strong><em>ἔλασσόν</em></strong></span> <span class='ocrx_word' id='word_1_228' title='bbox 814 2998 891 3041; x_wconf 86' lang='grc' dir='ltr'><strong><em>τινα</em></strong></span> <span class='ocrx_word' id='word_1_229' title='bbox 912 2978 973 3059; x_wconf 81' lang='grc' dir='ltr'><strong><em>τῆς</em></strong></span> <span class='ocrx_word' id='word_1_230' title='bbox 994 2982 1102 3043; x_wconf 89' lang='grc' dir='ltr'><strong><em>ΔΕΖ</em></strong></span> 
     </span>
     <span class='ocr_line' id='line_1_28' title="bbox 82 3077 1102 3167; baseline 0.002 -20"><span class='ocrx_word' id='word_1_231' title='bbox 82 3085 301 3166; x_wconf 85' lang='grc' dir='ltr'><strong><em>τριπλασίονα</em></strong></span> <span class='ocrx_word' id='word_1_232' title='bbox 332 3078 436 3165; x_wconf 87' lang='grc' dir='ltr'><strong><em>λόγον</em></strong></span> <span class='ocrx_word' id='word_1_233' title='bbox 466 3083 533 3166; x_wconf 82' lang='grc' dir='ltr'><strong><em>ἔχει</em></strong></span> <span class='ocrx_word' id='word_1_234' title='bbox 563 3078 647 3167; x_wconf 81' lang='grc' dir='ltr'><strong><em>ἥπερ</em></strong></span> <span class='ocrx_word' id='word_1_235' title='bbox 679 3077 701 3165; x_wconf 83' lang='grc' dir='ltr'><em>ἡ</em></span> <span class='ocrx_word' id='word_1_236' title='bbox 729 3085 796 3147; x_wconf 92' lang='grc' dir='ltr'><em>ΒΓ</em></span> <span class='ocrx_word' id='word_1_237' title='bbox 822 3077 905 3167; x_wconf 82' lang='grc' dir='ltr'><strong><em>πρὸς</em></strong></span> <span class='ocrx_word' id='word_1_238' title='bbox 936 3079 1001 3165; x_wconf 76' lang='grc' dir='ltr'><strong><em>τὴν</em></strong></span> <span class='ocrx_word' id='word_1_239' title='bbox 1028 3088 1102 3149; x_wconf 89' lang='grc' dir='ltr'><strong><em>ΕΖ.</em></strong></span> 
     </span>
     <span class='ocr_line' id='line_1_29' title="bbox 82 3182 1102 3275; baseline 0 -19"><span class='ocrx_word' id='word_1_240' title='bbox 82 3184 206 3273; x_wconf 76' lang='grc' dir='ltr'><strong><em>ὁμοίως</em></strong></span> <span class='ocrx_word' id='word_1_241' title='bbox 234 3186 275 3272; x_wconf 83' lang='grc' dir='ltr'><strong><em>δὴ</em></strong></span> <span class='ocrx_word' id='word_1_242' title='bbox 305 3187 473 3272; x_wconf 85' lang='grc' dir='ltr'><strong><em>δείξομεν,</em></strong></span> <span class='ocrx_word' id='word_1_243' title='bbox 502 3183 554 3253; x_wconf 83' lang='grc' dir='ltr'><strong><em>ὅτι</em></strong></span> <span class='ocrx_word' id='word_1_244' title='bbox 581 3183 663 3253; x_wconf 74' lang='grc' dir='ltr'><strong><em>οὐδὲ</em></strong></span> <span class='ocrx_word' id='word_1_245' title='bbox 689 3182 711 3271; x_wconf 84' lang='grc' dir='ltr'><em>ἡ</em></span> <span class='ocrx_word' id='word_1_246' title='bbox 735 3193 837 3254; x_wconf 82' lang='grc' dir='ltr'><em>ΑΕΖ</em></span> <span class='ocrx_word' id='word_1_247' title='bbox 864 3198 994 3274; x_wconf 74' lang='grc' dir='ltr'><strong><em>σφαῖρα</em></strong></span> <span class='ocrx_word' id='word_1_248' title='bbox 1017 3186 1102 3275; x_wconf 82' lang='grc' dir='ltr'><strong><em>πρὸς</em></strong></span> 
     </span>
     <span class='ocr_line' id='line_1_30' title="bbox 83 3291 1101 3380; baseline 0.002 -20"><span class='ocrx_word' id='word_1_249' title='bbox 83 3291 249 3362; x_wconf 86' lang='grc' dir='ltr'><strong><em>ἐλάσσονά</em></strong></span> <span class='ocrx_word' id='word_1_250' title='bbox 272 3317 348 3360; x_wconf 85' lang='grc' dir='ltr'><strong><em>τινα</em></strong></span> <span class='ocrx_word' id='word_1_251' title='bbox 371 3295 430 3377; x_wconf 77' lang='grc' dir='ltr'><strong><em>τῆς</em></strong></span> <span class='ocrx_word' id='word_1_252' title='bbox 451 3297 555 3358; x_wconf 91' lang='grc' dir='ltr'><strong><em>ΑΒΓ</em></strong></span> <span class='ocrx_word' id='word_1_253' title='bbox 578 3296 724 3377; x_wconf 79' lang='grc' dir='ltr'><strong><em>σφαίρας</em></strong></span> <span class='ocrx_word' id='word_1_254' title='bbox 750 3296 970 3380; x_wconf 86' lang='grc' dir='ltr'><strong><em>τριπλασίονα</em></strong></span> <span class='ocrx_word' id='word_1_255' title='bbox 994 3292 1101 3379; x_wconf 88' lang='grc' dir='ltr'><strong><em>λόγον</em></strong></span> 
     </span>
     <span class='ocr_line' id='line_1_31' title="bbox 82 3394 666 3484; baseline -0.003 -18"><span class='ocrx_word' id='word_1_256' title='bbox 82 3404 147 3484; x_wconf 81' lang='grc' dir='ltr'><strong><em>ἔχει</em></strong></span> <span class='ocrx_word' id='word_1_257' title='bbox 169 3396 253 3484; x_wconf 77' lang='grc' dir='ltr'><strong><em>ἥπερ</em></strong></span> <span class='ocrx_word' id='word_1_258' title='bbox 276 3394 298 3484; x_wconf 83' lang='grc' dir='ltr'><em>ἡ</em></span> <span class='ocrx_word' id='word_1_259' title='bbox 322 3405 384 3465; x_wconf 84' lang='grc' dir='ltr'><strong><em>ΕΖ</em></strong></span> <span class='ocrx_word' id='word_1_260' title='bbox 406 3396 489 3484; x_wconf 82' lang='grc' dir='ltr'><strong><em>πρὸς</em></strong></span> <span class='ocrx_word' id='word_1_261' title='bbox 511 3395 572 3483; x_wconf 82' lang='grc' dir='ltr'><strong><em>τὴν</em></strong></span> <span class='ocrx_word' id='word_1_262' title='bbox 594 3402 666 3466; x_wconf 89' lang='grc' dir='ltr'><strong><em>ΒΓ.</em></strong></span> 
     </span>
    </p>

    <p class='ocr_par' dir='ltr' id='par_1_3' title="bbox 148 3500 1102 3593">
     <span class='ocr_line' id='line_1_32' title="bbox 148 3500 1102 3593; baseline 0.004 -22"><span class='ocrx_word' id='word_1_263' title='bbox 148 3504 233 3589; x_wconf 77' lang='grc' dir='ltr'><strong><em>λέγω</em></strong></span> <span class='ocrx_word' id='word_1_264' title='bbox 262 3502 321 3590; x_wconf 80' lang='grc' dir='ltr'><strong><em>δή,</em></strong></span> <span class='ocrx_word' id='word_1_265' title='bbox 354 3501 405 3571; x_wconf 79' lang='grc' dir='ltr'><strong><em>ὅτι</em></strong></span> <span class='ocrx_word' id='word_1_266' title='bbox 438 3501 519 3571; x_wconf 74' lang='grc' dir='ltr'><strong><em>ούδέ</em></strong></span> <span class='ocrx_word' id='word_1_267' title='bbox 545 3501 566 3589; x_wconf 79' lang='grc' dir='ltr'><em>ἡ</em></span> <span class='ocrx_word' id='word_1_268' title='bbox 595 3509 699 3572; x_wconf 90' lang='grc' dir='ltr'><strong><em>ΑΒΓ</em></strong></span> <span class='ocrx_word' id='word_1_269' title='bbox 720 3517 848 3593; x_wconf 76' lang='grc' dir='ltr'><strong><em>σφαῖρα</em></strong></span> <span class='ocrx_word' id='word_1_270' title='bbox 874 3500 959 3593; x_wconf 83' lang='grc' dir='ltr'><strong><em>πρὸς</em></strong></span> <span class='ocrx_word' id='word_1_271' title='bbox 984 3505 1102 3593; x_wconf 77' lang='grc' dir='ltr'><strong><em>μεῖζόν</em></strong></span> 
     </span>
    </p>
   </div>
   <div class='ocr_carea' id='block_1_3' title="bbox 0 0 1244 3952">
    <p class='ocr_par' dir='ltr' id='par_1_4' title="bbox 0 0 1244 3952">
     <span class='ocr_line' id='line_1_33' title="bbox 0 0 1244 3952; baseline 0 0"><span class='ocrx_word' id='word_1_272' title='bbox 0 0 1244 3952; x_wconf 95' lang='lat' dir='ltr'><strong><em> </em></strong></span> 
     </span>
    </p>
   </div>
  </div>
 </body>
</html>
