2468 3952
108 111 151 175 86
482 112 684 164 ΣΤΟΙΧΕΙΩΝ
702 107 753 166 ια’.

108 251 269 339 εχόμενον
296 249 362 320 ὑπὸ
392 252 454 319 δύο
485 252 546 338 μὲν
569 251 743 339 τριγώνων
770 263 840 320 τῶν
863 259 978 336 ΓΗΖ,
1002 259 1126 335 ΑΔΕ,

107 363 212 446 τριῶν
236 358 274 425 δὲ
297 357 657 445 παραλληλογράμμων
675 369 743 426 τῶν
762 365 846 443 ΗΕ,
865 365 945 444 ΑΓ,
964 366 1029 427 ΓΕ
1050 366 1128 426 ἴσον

109 465 178 534 ἐστὶ
206 468 251 555 τῷ
280 471 438 552 πρίσματι
466 475 511 556 τῳ
542 465 763 555 περιεχομένῳ
793 462 860 530 ὑπὸ
885 464 948 531 δύο
972 464 1034 551 μὲν
1057 490 1127 552 τρι·

108 571 230 658 γώνων
248 581 317 639 τῶν
332 577 493 655 ΓΖΒ,,Λ
501 576 578 654 ΕΘ,
597 573 699 657 τριῶν
719 569 756 637 δὲ
770 571 1127 659 παραλληλογράμμων

73 688 176 746 ὁτῶν
196 684 272 763 ΓΘ,
296 685 374 762 ΒΕ,
393 683 468 744 ΓΕ·
492 675 557 743 ὑπὸ
581 675 646 763 γὰρ
671 683 754 744 λσων
773 677 938 745 ἐπιπέδων
957 678 1127 766 περιέχον-

108 811 162 852 ται
184 794 231 876 τῳ
255 810 289 851 τε
312 783 435 869 πλήθει
458 782 513 849 καὶ
536 786 581 873 τῳ
606 783 749 868 μεγέθει.
781 780 865 850 ὥστε
893 781 975 851 ὅλον
997 782 1035 853 τὸ
1059 793 1126 852 ΑΒ

109 889 247 975 στερεὸν
267 895 343 977 δίχα
361 890 514 976 τέτμηται
533 884 599 956 ὑπὸ
619 899 680 955 τοῦ
699 893 834 956 ΓΔΕΖ
853 892 1024 986 ἐπιπέδου·
1044 888 1126 979 ὅπερ

109 1001 177 1064 ἔδει
200 997 314 1076 δεῖξαι.

581 1186 655 1256 κθ’.

60 1351 93 1400 10
188 1330 240 1398 Τὰ
263 1333 324 1401 ἐπὶ
347 1336 413 1419 τῆς
436 1329 556 1418 αὐτῆς
579 1329 728 1416 βάσεως
754 1327 849 1397 ὄντα
873 1329 1009 1419 στερεὰ
1033 1355 1128 1417 παρ·
1233 1381 1234 1422 3

111 1444 403 1524 αλληλεπίπεᾶα
439 1438 504 1505 καὶ
534 1434 609 1505 ὑπὸ
642 1434 685 1505 τὸ
717 1433 814 1504 αὐτὸ
847 1434 962 1523 ὕψος,
1000 1430 1054 1505 ὧν
1087 1442 1131 1505 αλ

110 1549 330 1631 ἐφεστῶσαι
359 1545 420 1612 ἐπὶ
448 1548 526 1612 τιόν
549 1541 679 1611 αὐτῶν
706 1547 813 1610 εἰσιν
841 1539 1031 1629 εὐθειῶν,
1056 1552 1129 1613 ’λσα

110 1651 300 1738 ἀλληλοις
323 1654 441 1719 ἐστίν.

168 1756 276 1825 Ἔστω
301 1758 354 1826 ἐπὶ
377 1760 435 1844 τῆς
458 1754 563 1843 αὐτῆς
585 1755 715 1841 βάσεως
737 1760 796 1841 τῆς
819 1762 884 1823 ΑΒ
908 1755 1024 1844 στερεὰ
1049 1781 1130 1842 παρ-

60 1881 92 1931 15
112 1867 355 1950 αλληλεπίπεὸα
377 1861 418 1932 τὰ
437 1869 524 1947 ΓΜ,
547 1868 618 1931 ΓΝ
637 1861 703 1930 ὑπὸ
727 1861 765 1930 τὸ
790 1859 872 1932 αὐτὸ
894 1861 996 1947 ὕψος,
1019 1853 1069 1930 ὧν
1093 1865 1133 1930 αλ
1233 1861 1234 1892 ³

111 1974 297 2057 ἐφεστῶσαι
327 1975 364 2038 αλ
384 1978 471 2056 ΑΗ,
501 1978 581 2056 ΑΖ,
605 1977 697 2055 ΛΜ,
721 1975 807 2055 ΛΝ,
836 1975 917 2055 ΓΔ,
945 1975 1023 2056 ΓΒ,
1051 1977 1129 2054 ΒΘ,

111 2083 179 2144 ΒΚ
202 2077 254 2144 ἐπὶ
278 2086 345 2143 τῶν
369 2076 482 2144 αὐτῶν
506 2072 654 2144 εὐθειῶν
677 2081 826 2143 ἔστωσαν
848 2087 918 2145 τῶν
938 2083 1019 2162 ΖΝ,
1044 2082 1130 2144 ΔΚ·

111 2183 212 2268 λέγω,
241 2181 292 2251 ὅτι
320 2191 396 2250 ἴσον
424 2183 494 2249 ἐστὶ
522 2182 559 2251 τὸ
583 2187 659 2250 ΓΜ
679 2180 816 2271 στερεὸν
838 2193 884 2276 τῷ
908 2189 979 2251 ΓΝ
998 2193 1132 2274 στερεῷ.

176 2286 264 2355 Ἐπεὶ
293 2287 358 2375 γὰρ
386 2287 736 2376 παραλληλόγραμμόν
765 2291 856 2358 ἐστιν
880 2288 1039 2377 ἑκάτερον
1062 2293 1132 2357 τῶν

58 2413 93 2462 20
112 2400 187 2478 ΓΘ,
217 2400 294 2481 ΓΚ,
329 2403 383 2481 λ’ση
413 2394 503 2462 ἐστὶν
533 2393 554 2482 ἡ
584 2402 645 2464 ΓΒ
673 2397 811 2486 ἑκατέρα
838 2405 906 2464 τῶν
935 2402 1016 2479 ΛΘ,
1049 2401 1130 2463 ΒΚ·

111 2501 197 2569 ὥστε
220 2502 275 2568 καλ
298 2499 318 2587 ἡ
344 2509 410 2569 ΔΘ
432 2511 472 2588 τῇ
496 2508 566 2569 ΕΚ
588 2505 678 2571 ἐστιν
706 2510 772 2589 ἴση.
816 2499 914 2588 κοινὴ
938 2499 1130 2590 ἀφῃρήσθω

113 2605 134 2692 ἡ
163 2613 238 2674 ΒΘ·
272 2606 369 2693 λοιπὴ
402 2605 468 2692 ἄρα
500 2605 520 2693 ἡ
552 2616 622 2676 ΑΒ
651 2617 751 2696 λοιπῇ
783 2610 823 2696 τῇ
852 2613 920 2674 ΘΚ
946 2608 1037 2675 ἐστιν
1065 2614 1132 2693 ἴση.

114 2712 197 2782 ὥστε
224 2714 280 2780 καλ
307 2712 344 2781 τὸ
374 2713 435 2800 μὲν
459 2720 563 2782 ΔΓΕ
587 2721 754 2801 τρίγωνον
781 2723 827 2805 τῷ
851 2719 955 2780 ΘΒΚ
978 2716 1130 2804 τριγώνῳ

114 2828 190 2888 ἴσον
223 2825 328 2906 ἐστίν,
361 2817 399 2887 τὸ
432 2819 470 2888 δὲ
504 2828 581 2888 ΔΗ
608 2818 957 2907 παραλληλόγραμμον
989 2828 1035 2910 τῷ
1063 2826 1137 2913 ΘΝ

58 2944 96 2993 νο
114 2925 458 3019 παραλληλογράμμῳ.
496 2925 552 2994 διὰ
575 2925 615 2994 τὰ
640 2923 723 2994 αὐτὰ
748 2924 791 3011 δὴ
810 2925 866 2992 καλ
889 2923 926 2994 τὸ
943 2931 1054 2992 ΑΖΗ
1066 2930 1133 3013 τρί·
1226 2970 1229 2977 -

113 3060 226 3119 γωνον
254 3042 299 3123 τῳ
330 3039 448 3100 ΜΛΝ
476 3030 628 3123 τριγώνῳ
659 3039 735 3099 ἴσον
764 3032 863 3099 ἐστίν.
914 3035 983 3098 ἐστι
1011 3030 1049 3099 δέ
1076 3031 1132 3098 καλ

186 3303 211 3351 λ.
230 3296 360 3367 τέμνεται
379 3297 435 3351 BF.
535 3301 559 3353 9.
579 3291 622 3366 λγ’
642 3296 672 3350 Γ.
769 3301 811 3351 15.
830 3291 901 3368 ὑπό]
920 3290 950 3350 ὖ·
969 3312 985 3350 θ
1005 3311 1074 3350 corr.
1094 3314 1130 3351 m.

116 3367 178 3421 ιι.
286 3365 769 3438 ω.ια]ιιοιι.ι,ιιοει.
875 3366 1135 3438 ιηιαονιι

111 3455 131 3493 ι
150 3454 219 3493 corr.
239 3438 271 3493 v.
344 3444 387 3492 το.
409 3438 472 3509 ΓΒ]
492 3443 549 3493 ΒΓ
564 3438 593 3492 F.
666 3443 708 3495 ω.
730 3438 828 3509 m]
844 3441 977 3494 οΒ··’Κ··
993 3436 1027 3506 F,
1048 3439 1133 3493 οαΒ
