2468 3952
497 223 679 274 APPENDIX
696 223 733 273 11.
1056 221 1119 286 399

104 370 240 431 ΑΒΓΔ
268 364 413 450 πυραμὶς
444 362 526 448 πρὸς
559 361 620 448 τὴν
650 365 796 439 ΜΝΞΟ
822 366 1005 449 πυραμίδα·
1039 363 1120 450 ὅπερ
1214 328 1217 334 ³

105 473 174 537 ἔδει
199 471 312 550 δεῖξαι.

172 685 250 749 Πάν
264 688 390 768 πρίσμα
405 687 570 769 τρίγωνον
586 686 662 769 ἔχον
678 683 777 767 βάσιν
790 685 967 768 διαιρεῖται
978 685 1026 761 είς
1034 694 1122 768 τρεῖς
1139 699 1155 747 6

104 792 295 880 πυραμίδας
318 797 392 868 ῖσας
414 787 573 876 ἀλλήλαις
595 791 780 875 τριγώνους
802 788 916 874 βάσεις
940 787 1087 875 ἐχούσας.

174 901 256 962 ἔστω
284 901 410 982 πρίσμα
439 894 476 963 τὸ
501 902 701 964 ΑΒΓΔΕΖ
724 901 891 982 τρίγωνον
915 900 992 982 ἔχον
1021 895 1120 979 βάσιν

104 1000 167 1088 την
186 1007 246 1068 ΓΖ
254 1010 295 1068 Δ.
332 1003 434 1087 λέγω,
454 1002 505 1069 ότι
524 1000 561 1069 τὸ
582 1008 781 1069 ΑΒΓΔΕΖ
799 1007 926 1088 πρίσμα
944 1005 1120 1088 διαιρεῖται

107 1112 154 1187 εἰς
182 1121 269 1194 τρεῖς
295 1113 485 1195 πυραμίδας
513 1117 586 1188 ῖσας
614 1106 771 1195 ἀλλήλαις
799 1107 984 1195 τριγώνους
1007 1106 1122 1192 βάσεις

106 1213 254 1300 ἐχούσας.
310 1214 561 1300 ἐπεζεύχθωσαν
593 1217 656 1302 γάρ
690 1218 727 1281 αί
752 1222 836 1300 ΒΔ,
869 1221 945 1299 ΒΖ,
979 1221 1049 1282 ΖΕ.
1100 1208 1120 1299 ἡ

105 1319 171 1408 ἀρα
198 1327 357 1408 πυραμίς,
385 1312 425 1406 ἧς
451 1320 550 1407 βάσις
577 1322 638 1408 μίν
666 1324 734 1389 ἐστι
758 1323 796 1390 τδ
820 1328 920 1389 ΓΒΔ
943 1326 1121 1407 τρίγωνον,

104 1426 237 1514 κορυφὴ
267 1427 304 1495 δὲ
331 1426 370 1496 τὸ
400 1435 426 1493 Ζ
454 1441 609 1515 σημεῖον,
643 1437 698 1515 ίση
726 1429 794 1497 ἐστὶ
822 1432 861 1517 τῇ
889 1430 1053 1515 πυραμίδι
1080 1429 1120 1514 τῇ

105 1533 207 1618 βάσιν
230 1534 291 1620 μὲν
316 1535 436 1623 ἐγοάση
459 1533 497 1602 τὸ
517 1542 622 1602 ΒΔΕ
642 1540 819 1622 τρίγωνον,
843 1532 997 1621 κορυφὴν
1021 1533 1060 1601 δδ
1082 1531 1120 1599 τὸ

107 1645 134 1704 Ζ
158 1653 307 1726 σημεῖον,
332 1649 387 1727 λ’ση
412 1642 480 1708 ἐστὶ
498 1646 539 1729 τῇ
558 1645 720 1729 πυραμίδι
739 1645 778 1730 τῇ
798 1641 898 1726 βάσιν
918 1639 980 1727 μὲν
999 1639 1120 1727 ίχοόση

105 1743 143 1812 τὸ
167 1752 266 1812 ΑΕΖ
288 1752 466 1832 τρίγωνον,
489 1745 644 1833 κορυφὴν
667 1746 706 1814 δὲ
728 1745 766 1815 τὸ
786 1754 813 1814 Ζ
837 1758 985 1832 σημεῖον.
1021 1745 1078 1812 καὶ
1102 1742 1121 1830 ἡ

105 1852 250 1938 πυραμὶς
277 1851 357 1939 ἀρα,
385 1843 425 1938 ἧς
451 1851 548 1937 βάσις
575 1853 637 1938 μέν
664 1855 733 1920 ἐστι
760 1851 797 1920 τδ
826 1859 922 1920 ΒΓΔ
944 1857 1121 1940 τρίγωνον,

105 1957 237 2044 κορυφὴ
258 1957 295 2025 δὲ
314 1956 351 2026 τό
368 1966 395 2025 Ζ
414 1972 563 2046 σημεῖον,
584 1966 639 2044 ίση
659 1959 727 2026 ἐστὶ
741 1969 780 2047 τῇ
791 1962 953 2045 πυραμίδι
967 1962 1006 2046 τῇ
1020 1957 1121 2043 βάσιν

106 2063 167 2148 μὲν
192 2063 313 2152 ἐχούση
337 2063 374 2132 τὸ
395 2071 494 2132 ΑΕΖ
517 2070 695 2152 τρίγωνον,
718 2063 873 2152 κορυφὴν
897 2063 935 2131 δὲ
958 2061 995 2131 τό
1015 2070 1043 2130 Β
1067 2083 1123 2148 σηω

106 2183 212 2254 μεῖον.
256 2169 412 2258 διῄρηται
440 2170 504 2257 ἀρα
528 2171 565 2239 τὸ
590 2177 790 2239 ΑΒΓΔΕΖ
813 2175 940 2258 πρίσμα
964 2175 1011 2251 είς
1033 2184 1122 2257 τρεῖς

105 2280 294 2362 πυραμίδας
313 2285 387 2356 ίσας
405 2274 574 2364 ἀλλήλαις,
594 2269 642 2346 ών
660 2277 774 2363 βάσεις
792 2277 853 2364 μέν
872 2281 958 2345 εἰσιν
975 2282 1121 2361 ΑΒΓΔ,

108 2389 256 2468 ΕΑΕΖ,
280 2383 412 2471 κορυφὴ
437 2384 475 2453 δὲ
497 2381 537 2451 τὰ
561 2390 605 2469 Β,
630 2392 657 2452 Ζ
681 2397 808 2471 σημεῖα.

179 2599 254 2663 Τών
278 2604 361 2662 ίσων
385 2601 583 2684 πυραμίδων
606 2598 662 2664 καὶ
685 2597 870 2686 τριγώνους
892 2598 1007 2684 βάσεις
1030 2598 1156 2682 ἕχον-7

107 2705 177 2769 σών
205 2701 494 2771 ἀντιπεπόνθασιν
526 2706 564 2770 αί
589 2703 703 2789 βάσεις
730 2717 799 2784 τοῖς
827 2704 936 2786 ὕψεσι.
986 2701 1040 2769 καὶ
1073 2693 1121 2769 ών

106 2813 305 2896 πυραμίδων
327 2808 513 2897 τριγώνους
536 2809 649 2895 βάσεις
667 2812 815 2897 ἐχουσών
835 2808 1123 2878 ἀντιπεπόνθασιν

108 2919 145 2982 αί
166 2917 278 3000 βάσεις
300 2928 370 2995 τοῖς
392 2917 526 3000 ὕψεσιν,
550 2925 620 2984 ῖσαι
643 2917 731 2986 είσὶν
755 2919 886 2985 ἐκεῖναι.

174 3028 323 3091 ἔστωσαν
357 3031 425 3091 ίσαι
462 3027 652 3112 πυραμίδες.
681 3023 736 3090 καὶ
768 3022 954 3111 τριγώνους
986 3028 1122 3111 ἔχουσαι

107 3129 221 3214 βάσεις
243 3127 301 3209 τὰς
320 3135 428 3215 ΑΒΓ,
452 3135 558 3195 ΕΖΗ
572 3132 610 3196 αί
627 3135 774 3216 ΑΒΓΔ,
797 3136 947 3215 ΕΖΗΘ,
970 3126 1122 3217 κορυφάς

108 3235 145 3303 δὲ
168 3234 208 3301 τὰ
232 3242 279 3318 Δ,
303 3242 331 3302 Θ
354 3247 481 3321 σημεῖα.
518 3235 620 3321 λε’γω,
645 3233 696 3302 ότι
720 3239 788 3303 τών
812 3241 960 3321 ΑΒΓΔ,
983 3241 1122 3302 ΕΖΗΘ

107 3346 305 3427 πυραμίδων
333 3339 508 3426 τριγώνων
536 3339 638 3426 βάσιν
661 3344 810 3429 ἐχουσῶν
833 3341 1121 3410 ἀντιπεπόνθασιν

108 3450 144 3513 αι’
156 3447 269 3530 βάσεις
283 3460 352 3526 τοῖς
366 3446 474 3529 ὕψεσι.
502 3448 800 3535 συμπεπληρώσθω
819 3447 883 3537 γὰρ
902 3447 942 3516 τά
958 3457 986 3516 Β
992 3457 1025 3516 Δ
1031 3455 1074 3516 Μ
1075 3455 1106 3516 Λ
1112 3498 1120 3534 ,

109 3559 235 3620 ΖΘΡΘ
258 3553 383 3642 στερεά.
420 3554 475 3622 καὶ
499 3555 569 3624 ἐπεὶ
593 3563 648 3642 ίση
672 3555 762 3623 ἐστὶν
786 3555 807 3643 ἡ
827 3561 959 3624 ΑΒΓΔ
977 3556 1122 3643 πυραμὶς
