2468 3952
135 202 198 266 165
509 201 711 254 Στουωιιεα
729 197 780 272 ιμ’.

132 370 163 411 τι
199 347 258 428 τῆς
292 349 427 410 ΔΕΖΘ
463 345 651 430 πυραμίδος
688 338 823 429 στερεὸν
860 336 881 426 ή
914 337 1000 426 πρὸς
1032 346 1155 428 μεῖζον.

132 455 216 518 ἔστω
239 447 403 537 πρότερον
431 445 514 536 πρὸς
544 452 687 515 ἔλασσον
710 446 747 514 τὸ
772 454 816 531 Χ,
846 446 902 514 καὶ
930 445 1111 535 διῃρήσθω
1135 445 1156 535 ἡ

134 562 268 621 ΔΕΖΘ
294 555 440 642 πυραμὶς
468 562 515 634 είς
537 580 571 622 τε
596 553 658 621 δύο
683 556 872 639 πυραμίδας
895 561 968 632 ίσας
992 551 1156 641 ἀλλήλαις

133 661 188 728 καὶ
217 658 334 746 ὁμοίας
361 665 400 749 τῃ
426 659 487 750 ὅλῃ
511 660 567 728 καὶ
591 664 638 738 είς
666 660 729 727 δύο
754 665 922 748 πρίσματα
945 666 1015 726 ίσα·
1043 659 1085 727 τά
1112 658 1155 748 δή

98 767 196 836 σδάο
229 773 396 855 πρίσματα
429 766 564 853 μείζονά
597 768 688 834 ἐστιν
721 761 742 852 ἣ
774 764 812 833 τὸ
846 763 949 852 ήμισυ
980 770 1040 853 τῆς
1062 764 1156 854 ’ὅλῃς

132 877 329 962 πυραμίδος.
366 873 422 940 καὶ
444 871 546 940 πάλιν
571 875 608 938 αί
630 873 665 939 ἐκ
685 876 745 958 τής
764 873 957 956 διαιρέσεως
974 871 1155 958 γινόμεναι

132 984 317 1068 πυραμίδες
345 976 469 1066 ὁμοίως
493 977 750 1069 διῃρήσθωσαν,
779 978 834 1046 καὶ
861 982 961 1046 τοῦτο
989 976 1043 1045 άεὶ
1065 981 1156 1064 γινέ-

133 1096 219 1171 σθω,
239 1087 300 1165 ἕως
319 1076 361 1153 οὗ
376 1088 548 1172 λειφθῶσί
561 1110 649 1164 τινες
663 1088 848 1171 πυραμίδες
862 1081 927 1152 άπὸ
943 1087 1001 1170 τῆς
1016 1092 1156 1153 ΔΕΖΘ

133 1195 335 1278 πυραμίδος,
359 1193 397 1258 αἴ
418 1195 504 1258 εἰσιν
527 1189 700 1270 ἐλάττονες
721 1194 779 1277 τῆς
802 1188 983 1278 ὑπεροχῆς,
1006 1181 1028 1279 ή
1052 1189 1155 1277 ὑπερ-

86 1314 118 1362 10
137 1299 202 1382 ἕχει
227 1294 247 1383 ή
273 1304 408 1364 ΔΕΖΘ
431 1296 576 1385 πυραμὶς
598 1299 659 1364 τοῦ
683 1303 717 1363 Χ
736 1300 882 1381 στερεοῦ.
919 1302 1156 1384 λελείφθωσαν

131 1402 187 1469 καὶ
211 1407 360 1470 ἔστωσαν
383 1403 488 1489 λόγου
511 1405 624 1471 ἕνεκεν
648 1406 685 1468 αί
699 1409 855 1488 ΔΠΡΣ,
879 1409 1025 1469 ΣΤῬΘ·
1049 1402 1154 1471 λοιπά

132 1506 197 1595 άρα
220 1506 259 1574 τά
283 1510 320 1575 ἐν
343 1512 382 1597 τῃ
404 1516 539 1576 ΔΕΖΘ
561 1513 724 1596 πυραμίδι
743 1514 910 1596 πρίσματα
928 1508 1064 1595 μείζονά
1084 1511 1155 1578 ἐστι

132 1617 193 1681 τοῦ
225 1622 259 1681 Χ
288 1618 433 1702 στερεοῦ.
490 1614 666 1703 διῃρήσθω
698 1614 754 1681 καὶ
786 1611 806 1700 ή
840 1620 983 1683 ΑΒΓΗ
1010 1616 1155 1702 πυραμὶς

133 1717 256 1807 ὁμοίως
274 1722 330 1789 καὶ
350 1726 545 1807 ἰσοπληθῶς
563 1725 603 1809 τῇ
620 1728 758 1788 ΔΕΖΘ
775 1725 951 1809 πυραμίδι·
975 1726 1066 1790 ἔστιν
1085 1721 1155 1809 άρα

82 1842 114 1891 15
134 1824 178 1905 ὡς
204 1824 225 1914 ἡ
250 1834 355 1895 ΑΒΓ
379 1827 477 1914 βάσις
505 1826 590 1914 πρὸς
615 1825 677 1913 τήν
706 1834 805 1894 ΔΕΖ
833 1827 949 1914 βάσιν,
978 1826 1085 1908 οὕτως
1113 1829 1154 1897 τὰ

133 1934 169 2001 ἐν
187 1937 226 2022 πή
243 1938 385 2001 ΑΒΓΗ
402 1937 565 2019 πυραμίδι
583 1938 751 2021 πρίσματα
769 1931 854 2017 πρὸς
867 1934 907 2000 τά
924 1935 961 2001 ίυ
974 1939 1014 2023 τῃ
1029 1942 1155 2002 ΔΕΖΘ

131 2043 295 2127 πυραμίδι
318 2045 494 2127 πρίσματα.
531 2036 616 2107 άλλὰ
639 2039 694 2106 καὶ
718 2034 762 2117 ὡς
785 2035 806 2123 ἡ
826 2044 930 2105 ΑΒΓ
947 2038 1045 2126 βάσις
1069 2040 1155 2129 πρὸς

131 2143 193 2230 τήν
218 2152 317 2211 ΔΕΖ
340 2145 457 2230 βάσιν,
487 2143 593 2224 οὕτως
620 2143 641 2231 ή
666 2149 807 2214 ΑΒΓΗ
833 2144 979 2231 πυραμὶς
1006 2144 1091 2234 πρὸς
1113 2145 1152 2215 τὸ

132 2255 166 2315 Χ
185 2249 334 2338 στερεόν·
357 2250 412 2317 καὶ
437 2247 482 2329 ὡς
504 2249 571 2339 άρα
594 2247 614 2337 ή
635 2255 779 2318 ΑΒΓΗ
797 2251 941 2339 πυραμὶς
962 2250 1045 2339 πρὸς
1064 2250 1101 2320 τὸ
1123 2261 1158 2321 Χ

81 2369 115 2419 20
135 2355 281 2440 στερεόν,
305 2353 412 2434 οὕτως
439 2353 479 2423 τά
508 2358 544 2424 ἐν
568 2360 608 2444 τή
633 2363 779 2424 ΑΒΓΗ
796 2361 959 2446 πυραμίδι
982 2361 1154 2446 πρίσματα

132 2457 215 2546 πρὸς
242 2459 282 2527 τά
312 2463 348 2529 ἐν
375 2465 415 2549 τῇ
445 2469 579 2530 ΔΕΖΘ
606 2467 770 2551 πυραμίδι
797 2467 976 2552 πρίσματα·
1008 2464 1153 2548 ἐναλλάξ

132 2563 198 2652 άρα
223 2562 267 2644 ὡς
289 2563 471 2652 ἡΑΒΓΗ
487 2571 633 2657 πυραμὶς
651 2568 735 2658 πρὸς
752 2567 792 2637 τά
813 2574 849 2638 ἐν
868 2567 952 2657 αὐτή
972 2576 1152 2658 πρίσματα,

133 2669 238 2750 οὕτως
261 2670 298 2739 τὸ
323 2679 357 2739 Χ
377 2672 513 2761 στερεὸν
536 2672 619 2763 πρὸς
642 2674 682 2741 τὰ
707 2677 743 2742 ἐν
767 2679 806 2763 τῃ
828 2681 964 2741 ΔΕΖΘ
986 2681 1152 2764 πυραμίδι

132 2782 307 2864 πρίσματα.
335 2785 454 2864 μείζων
479 2779 516 2847 δὲ
539 2778 559 2867 ή
581 2787 726 2849 ΑΒΓΗ
743 2782 889 2869 πυραμὶς
911 2785 981 2849 τάν
1004 2784 1041 2851 ἐν
1065 2781 1152 2872 αὐτῇ

79 2899 112 2948 25
131 2883 340 2972 πρισμάτων·
370 2891 483 2971 μεῖζον
511 2883 577 2974 άρα
599 2885 716 2955 καὶτὸ
740 2894 774 2954 Χ
798 2890 934 2975 στερεὸν
957 2897 1025 2955 τῶν
1049 2890 1088 2956 ἐν
1110 2892 1151 2978 τῇ

134 2997 268 3056 ΔΕΖΘ
291 2995 454 3078 πυραμίδι
473 2991 678 3080 πρισμάτων.
716 2991 800 3060 άλλά
820 2993 876 3060 καὶ
896 2998 1048 3061 ἔλαττον·
1068 2995 1152 3083 ὅπερ

204 3174 229 3221 6
248 3165 447 3251 γενόμεναιῃ.
527 3175 550 3225 7.
570 3168 712 3238 γιγνέσθω
731 3169 791 3223 BV.
876 3175 901 3225 8.
920 3171 1074 3257 λειφθῶσι]
1099 3191 1153 3226 -ει·

31 3282 35 3289 .
133 3239 326 3307 corr.‚equ
341 3240 539 3306 muhinqm
556 3239 644 3309 1Bq;
659 3240 891 3328 λειφθάσἩνΡΒ
946 3235 1048 3296 6116-
1015 3249 1153 3297 -9.πν-

133 3308 261 3378 ραμίδος]
283 3327 337 3378 mg.
357 3329 394 3364 m.
415 3310 516 3377 2137,
536 3328 589 3365 om.
605 3330 631 3381 q.
701 3317 725 3365 9
745 3307 879 3374 ἐλάσσους
892 3311 978 3381 BV
1045 3318 1087 3367 10.
1107 3318 1152 3368 λε-

132 3381 280 3446 λείφθωσα
281 3380 341 3450 ν]-
330 3400 382 3435 -ει
402 3398 472 3435 corr.
492 3398 526 3436 ex
544 3381 614 3452 qV‚
633 3382 729 3436 mut.¹
721 3401 750 3436 ιι]
769 3401 833 3451 qq.
921 3388 962 3437 11.
983 3385 1152 3448 ΕΤΤΘΒ,

133 3466 202 3503 corr
224 3468 259 3504 m.
281 3456 306 3505 2.
389 3458 430 3506 12.
451 3448 570 3507 ἐστινΡ.
654 3459 696 3510 17
715 3451 746 3524 ἡ]
767 3454 859 3524 post
850 3471 903 3507 ms
922 3454 955 3510 V.
1040 3459 1081 3510 19.
1102 3426 1153 3510 καί

134 3517 223 3582 άς-
243 3526 285 3576 20.
307 3519 433 3594 στερεόν]
453 3541 507 3578 om.
526 3541 560 3591 q;
585 3541 635 3579 suo
653 3524 716 3579 loco
735 3543 771 3580 m
794 3531 821 3593 1,
845 3526 893 3579 sed
913 3525 969 3580 alio
989 3527 1152 3583 atramento
