2468 3952
116 166 130 195 ⁸
160 216 225 281 334
301 173 306 181 ⁵
533 217 735 270 ΣΤοΙΧΕιιεα
754 212 802 285 ιγ’.

228 360 296 427 Καὶ
321 360 389 427 έπεί
413 357 434 446 ἡ
457 362 516 445 τῆς
539 364 684 445 σφαίρας
699 355 874 444 διάμετρος
889 359 1030 444 ἐδείχθη
1045 360 1106 443 τῆς
1123 354 1178 443 μὲν

160 473 225 532 ΑΖ
248 469 393 554 πλευράς
420 469 478 553 τῆς
500 469 689 553 πυραμίδος
713 463 855 551 δυνάμει
877 460 1036 549 ἡμιολία,
1065 467 1126 550 τῆς
1146 461 1178 530 δὲ

159 578 220 641 τοῦ
245 572 429 660 ὀκταέδρου
447 584 506 659 τῆς
520 579 584 640 ΒΕ
602 572 744 658 δυνάμει
763 574 962 655 διπλασίων,
984 574 1048 657 τῆς
1067 570 1108 638 δὲ
1125 573 1178 638 τοῦ

159 679 267 765 κύβου
290 683 349 766 τῆς
373 686 434 746 ΖΒ
458 678 599 765 δυνάμει
622 683 842 765 τριπλασίων,
872 680 955 745 οἵων
982 675 1054 765 άρα
1083 674 1178 764 ἡτῆς

125 792 306 873 σσφαίρας
333 786 509 873 διάμετρος
536 783 678 871 δυνάμει
709 785 759 869 ἕξ,
790 782 954 851 τοιούτων
983 780 1007 870 ἡ
1036 783 1102 868 μὲν
1128 786 1179 870 τῆς

159 896 349 980 πυραμίδος
370 890 554 978 τεσσάρων,
577 889 598 978 ἡ
623 891 660 959 δὲ
680 897 740 959 τοῦ
761 887 945 973 ὀκταέδρου
963 894 1084 976 τριῶν,
1107 889 1178 978 ἡδί

159 1002 221 1066 τοῦ
252 999 360 1085 κύβου
393 998 465 1067 δύο.
514 995 535 1084 ἡ
564 997 626 1084 μὲν
658 995 724 1084 άρα
751 999 810 1083 τῆς
837 1001 1028 1085 πυραμίδος
1056 995 1178 1085 πλευρὰ

160 1109 220 1189 τῆς
251 1104 312 1192 μὲν
345 1109 406 1172 τοῦ
439 1103 622 1191 ὀκταέδρου
649 1107 793 1190 πλευράς
823 1104 964 1189 δυνάμει
992 1104 1090 1172 ἐστὶν
1119 1106 1178 1173 έπί·

160 1237 284 1297 τριτος,
312 1213 370 1298 τῆς
398 1210 436 1278 δὲ
461 1214 524 1278 τοῦ
549 1209 657 1295 κύβου
685 1208 828 1296 δυνάμει
855 1213 972 1295 διπλῆ,
1004 1207 1027 1296 ἡ
1058 1209 1098 1278 δὲ
1124 1214 1178 1279 τοῦ

110 1336 142 1385 10
162 1315 345 1404 ὀκταέδρου
364 1321 423 1403 τῆς
440 1328 502 1385 τοῦ
520 1315 629 1402 κύβον
647 1314 790 1401 δυνάμει
809 1313 954 1401 ἡμιολία.
979 1319 1020 1383 αί
1037 1316 1103 1404 μὲν
1121 1309 1177 1386 οὖν

160 1424 331 1510 εἰρημέναι
345 1427 413 1491 τῶν
427 1427 531 1510 τριῶν
546 1421 724 1508 σχημάτων
738 1427 894 1509 πλευραί,
913 1423 999 1509 λέγω
1017 1421 1062 1510 δὴ
1080 1447 1177 1512 πυρα-

160 1532 258 1615 μίδος
284 1529 340 1595 καί
368 1525 552 1616 ὀκταέδρου
578 1527 635 1595 καί
662 1526 784 1614 κύβου,
813 1526 895 1614 πρὸς
922 1523 1073 1616 άλλήλας
1098 1531 1177 1598 εἰσὶν

160 1637 196 1703 έν
224 1635 337 1721 λόγοις
364 1638 485 1722 ῥητοῖς.
537 1635 637 1703 αἰδὲ
664 1635 780 1702 λοιπαί
804 1634 883 1720 δύο,
912 1635 997 1722 λέγω
1030 1633 1074 1723 δὴ
1105 1635 1178 1724 ἥτε

158 1746 219 1809 τοῦ
250 1743 467 1831 εἰκοσαέδρου
494 1743 548 1809 καί
575 1739 596 1828 ἡ
625 1746 687 1809 τοῦ
716 1742 965 1828 δωδεκαέδρου,
994 1741 1077 1811 οὔτε
1100 1743 1179 1831 πρὸς

108 1866 140 1914 15
160 1845 306 1934 ἀλλήλας
332 1846 409 1915 οὔτε
436 1846 519 1930 πρὸς
546 1846 604 1929 τὰς
631 1849 872 1935 προειρημένας
895 1848 982 1915 εἰσίν
1005 1850 1046 1916 ἐν
1068 1848 1179 1936 λόγοις

160 1956 285 2040 ῥητοῖς·
309 1951 427 2039 άλογοι
441 1952 506 2040 γάρ
522 1957 620 2040 εἰσιν,
639 1952 660 2041 ἡ
676 1954 737 2041 μὲν
752 1944 909 2038 ἐλάττων,
927 1951 948 2040 ἡ
964 1953 1002 2022 δὲ
1018 1953 1179 2044 ἀποτομή.

217 2057 288 2127 Ὅτι
306 2066 426 2147 μείζων
445 2060 536 2129 ἐστὶν
554 2058 575 2147 ἡ
594 2065 656 2130 τοῦ
676 2063 894 2148 εἰκοσαέδρου
911 2059 1043 2148 πλευρὰ
1068 2059 1090 2150 ἡ
1110 2069 1179 2131 ΜΒ

158 2172 217 2253 τῆς
239 2171 300 2234 τοῦ
325 2168 558 2256 δωδεκαέδρου
580 2172 639 2255 τῆς
661 2175 745 2253 ΝΒ,
770 2171 922 2254 δείξομεν
946 2165 1064 2249 οὕτως.

159 2261 162 2268 ’
223 2270 312 2341 Ἐπεὶ
340 2273 403 2362 γὰρ
432 2272 615 2361 ἰσογώνιόν
643 2275 711 2342 ἐστι
739 2273 777 2341 τὸ
808 2282 906 2342 ΖΔΒ
933 2278 1107 2361 τρίγωνον
1135 2279 1178 2368 τῷ

106 2397 140 2445 20
160 2385 255 2445 ΖΑΒ
282 2380 452 2469 τριγώνῳ,
480 2377 653 2467 άνάλογόν
681 2383 771 2449 ἐστιν
799 2378 845 2461 ὥς
871 2378 892 2466 ἡ
918 2388 985 2448 ΔΒ
1007 2379 1098 2471 πρὸς
1120 2380 1178 2468 τὴν

159 2490 238 2567 ΒΖ,
258 2482 363 2563 οὕτως
381 2481 401 2570 ἡ
417 2491 480 2551 ΒΖ
498 2489 583 2573 πρὸς
601 2484 664 2572 τὴν
678 2494 750 2555 ΒΑ.
777 2487 833 2554 καί
853 2487 922 2555 ἐπεὶ
940 2499 1031 2574 τρεῖς
1047 2487 1178 2558 εὐθεῖαι

159 2587 330 2675 ἀνάλογόν
357 2594 459 2677 εἰσιν,
488 2597 579 2660 ἔστιν
608 2589 653 2672 ὥς
675 2590 697 2680 ἡ
720 2592 834 2680 πρώτη
857 2590 941 2678 πρὸς
963 2593 1027 2681 τὴν
1051 2601 1177 2683 τρίτην,

160 2697 266 2776 οὕτως
288 2694 325 2765 τὸ
349 2694 414 2765 άπὸ
437 2703 496 2785 τῆς
518 2697 651 2785 πρώτης
673 2697 757 2786 πρὸς
778 2697 816 2767 τό
841 2697 907 2768 άπὸ
926 2703 985 2786 τῆς
1004 2703 1177 2792 δευτέρας·

160 2808 250 2870 ἔστιν
273 2802 339 2892 ὀίρα
362 2801 408 2883 ὡς
430 2801 451 2890 ἡ
473 2812 539 2872 ΔΒ
563 2802 646 2894 πρὸς
668 2802 730 2893 τὴν
749 2813 826 2890 ΒΑ,
851 2803 956 2886 οὕτως
974 2804 1012 2873 ιδ
1033 2803 1102 2876 άπὸ
1123 2811 1177 2895 τῆς

107 2927 140 2976 25
160 2916 227 2976 AB
255 2907 338 2996 πρὸς
364 2908 401 2977 τό
431 2907 497 2978 άπὸ
521 2914 579 2998 τῆς
603 2918 678 2978 ΒΖ·
707 2908 874 2979 άνάπαλιν
903 2909 969 2999 άρα
997 2908 1044 2992 ὥς
1068 2911 1089 3001 ἡ
1114 2920 1176 2981 ΑΒ

158 3014 242 3102 πρὸς
269 3015 331 3103 τὴν
354 3024 436 3103 ΒΛ,
466 3018 571 3098 οὕτως
598 3015 635 3085 τὸ
664 3016 729 3084 άτιό
757 3027 816 3103 τῆς
845 3024 906 3085 ΖΒ
933 3017 1016 3106 πρὸς
1045 3017 1084 3088 τό
1114 3018 1175 3088 άπὸ

184 3337 194 3349 .
232 3271 255 3319 1.
273 3265 346 3321 Ante
367 3261 485 3354 ἐδείχθη
504 3267 558 3322 del.
579 3286 591 3320 ε
611 3264 640 3320 Ρ.
714 3271 739 3320 4.
758 3261 790 3389 ίχ]
811 3283 864 3321 om.
883 3268 914 3322 P.
954 3273 1012 3350 ἡδ.
1032 3268 1176 3352 τεσσάρων

158 3355 280 3477 {3223}
300 3337 459 3477 Ν]
481 3343 749 3479 ῗῖ“ιῖἔιί;ι]“λλ
769 3380 797 3478 q.·
876 3344 917 3463 ἰ.
933 3337 1100 3479 λίίλλ

159 3485 201 3531 14.
221 3474 258 3602 ἡχ
273 3496 326 3534 om.
345 3497 372 3547 q.
439 3484 478 3534 15.
498 3453 549 3542 τδς
566 3481 647 3551 προ]
668 3497 721 3534 om.
742 3498 768 3548 q.
839 3486 880 3534 16.
899 3475 999 3549 ἄλογοι
1017 3451 1074 3552 γάρ
1095 3455 1165 3538 εἰσιν

160 3563 266 3602 om..
345 3545 582 3606 17.ὀτιδέΒν.
655 3551 789 3623 ΜΒ]Μ
804 3566 907 3608 ecorr.
927 3550 959 3605 V.
1040 3558 1084 3610 18.
1107 3557 1161 3611 NB
