2468 3952
328 924 742 998 Demonstrationes
770 924 949 997 alterae.

626 1083 653 1145 1.

417 1205 474 1270 Ad
496 1205 582 1271 libr.
604 1203 652 1267 XI
675 1225 779 1289 prop.
802 1204 855 1269 22.

555 1323 709 1405 ’Ἄλλως

185 1420 363 1519 Ἔστωσαν
394 1455 432 1518 αἱ
462 1456 618 1519 δοθεῖσαι
650 1462 739 1535 τρεῖς
774 1455 896 1535 γωνίαι
929 1451 1085 1518 ἐπίπεδοι
1117 1451 1149 1516 αἱ

127 1553 194 1624 ὑπὸ
219 1562 327 1642 ΑΒΓ,
352 1564 468 1642 ΔΕΖ,
492 1563 614 1642 ΗΘΚ,
638 1547 687 1624 ὦν
711 1559 748 1623 αἱ
769 1555 833 1624 δύο
856 1559 916 1642 τῆς
938 1564 1062 1644 λοιπῆς
1085 1564 1148 1645 μεί-

130 1668 222 1743 ζονες
240 1668 389 1731 ἔστωσαν
408 1664 516 1752 πάντῃ
535 1661 882 1750 μεταλαμβανόμεναι,
905 1664 1149 1751 ιιεριεχέτωσαν

94 1767 168 1838 σδὲ
190 1769 294 1849 αὐτὰς
321 1779 391 1837 ἴσαι
419 1768 552 1837 εὐθεῖαι
575 1772 613 1836 αἱ
633 1776 714 1853 ΑΒ,
742 1775 816 1852 ΒΓ,
844 1777 927 1855 ΔΕ,
957 1776 1040 1856 ΕΖ,
1069 1777 1149 1854 ΗΘ,

128 1883 211 1963 ΘΚ,
235 1877 291 1944 καὶ
315 1874 567 1963 ἐπεζεύχθωσαν
591 1878 629 1941 αἱ
645 1881 722 1961 ΑΓ,
749 1882 831 1960 ΔΖ,
855 1881 938 1942 HK.
975 1876 1077 1962 λέγω,
1101 1877 1149 1945 ὅτι

130 1982 279 2051 δυνατόν
302 1985 394 2050 ἐστιν
418 1985 454 2050 ἐκ
475 1985 544 2050 τῶν
567 1990 652 2050 ἴσων
675 1993 748 2061 ταῖς
770 1990 802 2049 Α
809 1986 846 2066 Γ,
876 1988 958 2066 ΔΖ,
985 1989 1064 2050 HK
1085 1988 1149 2070 τρί-

128 2117 242 2177 γωνον
270 2087 518 2175 συστήσασθαι,
546 2089 695 2156 τουτέστι
723 2086 825 2155 πάλιν
855 2088 907 2156 ὅτι
934 2090 972 2154 αἱ
998 2086 1064 2156 δύο
1094 2093 1151 2175 τῆς

131 2200 248 2282 λοιπῆς
271 2197 418 2282 μείζονές
441 2200 506 2263 εἰσι
529 2194 637 2283 πάντῃ
661 2193 1006 2281 μεταλαμβανόμεναι.

79 2318 112 2367 10
198 2305 229 2366 εί
250 2298 312 2386 μὲν
337 2294 399 2368 οὖν
421 2301 524 2369 πάλιν
548 2305 585 2369 αἱ
604 2301 688 2389 πρὸς
710 2314 781 2382 τοῖς
803 2307 847 2385 Β,
876 2308 920 2386 Ε,
949 2307 978 2368 Θ
1001 2307 1152 2388 σημείοις

131 2410 252 2503 γωνίαι
276 2413 347 2473 ἴσαι
370 2410 467 2493 εἰσίν,
492 2416 563 2475 ἴσαι
581 2412 716 2475 ἔσονται
734 2408 790 2475 καὶ
809 2409 847 2492 αἱ
863 2412 938 2492 ΑΓ,
958 2414 1041 2494 ΔΖ,
1060 2414 1150 2492 HK,

131 2512 187 2580 καὶ
216 2517 350 2579 ἔσονται
378 2516 416 2579 αἱ
446 2513 509 2582 δύο
539 2525 599 2601 τῆς
626 2517 743 2600 λοιπῆς
770 2519 925 2601 μείζονες.
972 2517 1003 2580 εἰ
1032 2514 1070 2582 δὲ
1099 2512 1150 2598 οὐ,

133 2624 282 2687 ἔστωσαν
301 2615 414 2687 ἄνισοι
433 2623 470 2686 αἱ
486 2618 570 2707 πρὸς
586 2632 656 2699 τοῖς
670 2627 715 2704 Β,
738 2626 783 2706 Ε,
803 2626 832 2687 Θ
851 2624 999 2706 σημείοις
1017 2625 1150 2706 γωνίαι,

132 2725 188 2792 καὶ
212 2731 331 2812 μείζων
354 2722 375 2812 ἡ
399 2726 484 2813 πρὸς
504 2730 550 2817 τῷ
574 2733 603 2793 Β
627 2727 783 2814 ἑκατέρας
809 2730 877 2795 τῶν
904 2722 988 2814 πρὸς
1009 2740 1082 2807 τοῖς
1106 2734 1151 2811 Ε,

82 2845 114 2896 15
133 2839 175 2900 Θ·
206 2837 326 2919 μείζων
350 2831 416 2920 ἄρα
439 2837 528 2900 ἔσται
552 2832 608 2899 καὶ
632 2829 652 2919 ἡ
676 2839 746 2901 ΑΓ
765 2831 882 2901 εὐθεῖα
905 2832 1063 2918 ἑκατέρας
1084 2837 1153 2902 τῶν

134 2946 216 3025 ΔΖ,
245 2943 327 3005 HK.
375 2937 431 3005 καὶ
459 2937 625 3026 φανερόν,
658 2938 710 3006 ὅτι
742 2935 763 3025 ἡ
791 2944 861 3006 ΑΓ
888 2935 970 3024 μετὰ
996 2937 1154 3025 ἑκατέρας

133 3067 347 3075 ——-———

206 3133 253 3202 XI,
272 3138 306 3189 τε
325 3134 391 3203 post
409 3134 502 3201 εοεαε
518 3151 546 3202 p.
567 3138 609 3200 οο,
630 3137 663 3187 18
682 3132 745 3188 add.
765 3133 904 3189 ΡΒενο.

206 3318 231 3367 3.
251 3307 320 3385 ὑπό]
341 3329 395 3368 om.
414 3311 445 3381 F,
464 3328 549 3381 supra
566 3329 603 3365 m.
623 3314 639 3364 2
658 3309 690 3364 Β.
764 3314 789 3364 5.
808 3309 878 3380 ΒΓ]
897 3313 958 3379 ΒΓ,
979 3314 1030 3364 ΓΔ
1048 3311 1077 3368 b.

135 3389 160 3438 6.
180 3383 250 3454 ΔΖ]
270 3389 296 3436 Δ
315 3399 385 3438 corr.
405 3398 438 3436 ex
457 3387 536 3438 Pm.
557 3386 571 3435 1
590 3382 620 3435 F.
708 3385 732 3437 8.
752 3377 894 3436 τοντὲστιν
912 3381 944 3437 Β.
1032 3387 1076 3436 11.
1096 3384 1156 3437 ἴσαι

135 3452 219 3526 εἰσίν]
240 3452 310 3508 εἰσιν
331 3455 388 3507 ἴσαι
405 3451 467 3508 BV.
540 3452 611 3523 ἴσαι]
631 3468 686 3507 om.
704 3451 766 3506 BV.
841 3451 917 3523 HK]
937 3455 1000 3506 HK
1016 3452 1077 3508 ἴσαι
1096 3453 1155 3508 BV.
