2454 3952
367 233 643 285 nnnunnroauu
661 238 771 289 unua
788 239 834 290 x1.
1064 239 1108 305 59

161 370 253 455 Ergo
281 371 419 460 omnis¹)
449 377 587 461 angulus
616 379 737 445 solidus
764 381 871 465 planis
898 384 1025 466 angulis
1048 384 1108 449 mi-

91 478 241 562 neribus,
271 500 369 562 quam
397 484 474 546 sunt
501 487 655 566 quattuor
677 486 770 572 recti,
798 487 995 574 eontinetu13
1023 492 1107 575 qued

90 589 163 650 erat
185 585 480 653 demonstrandum.

547 783 651 850 XXIL

158 903 194 970 Si
225 907 293 969 tres
326 905 438 990 anguli
470 906 561 990 plani
594 913 682 993 sunt,
715 932 852 993 quorum
885 913 947 977 duo
980 914 1106 998 relique

94 1011 233 1076 maiores
257 1010 486 1096 sunt'quoquo
510 1012 605 1078 modo
629 1015 807 1102 coniuncti,
829 1022 863 1084 et
881 1040 936 1084 eos
955 1021 1107 1105 aequales

92 1803 262 1869 continent
288 1807 411 1888 rectae,
437 1803 509 1869 fieri
538 1807 660 1889 potest,
691 1808 729 1869 ut
760 1828 798 1870 ex
830 1806 928 1870 rectis
957 1806 1107 1889 aequales

92 1915 198 1974 rectas
222 1909 490 1995 coniungentibus
514 1910 696 1996 triangulus
720 1914 934 1977 construatur.

159 2015 232 2081 Sint
258 2019 326 2080 tres
355 2016 469 2101 anguli
491 2016 580 2103 plani
603 2020 716 2097 ΑΒΓ,
739 2022 856 2101 ΔΕΖ,
883 2020 1003 2103 ΗΘΚ,
1031 2038 1107 2100 que·

95 2145 169 2187 rum
193 2122 256 2186 duo
278 2122 402 2206 relique
420 2123 560 2188 maiores
579 2129 655 2189 sunt
675 2146 802 2208 quoque
821 2125 917 2190 mode
936 2123 1108 2208 coniuncti,

135 2230 291 2310 ΑΒΓΔΓ
308 2233 409 2293 ΔΕΖ
422 2238 457 2302 >
471 2232 590 2312 nen,
614 2235 716 2295 ΔΕΖ
731 2234 770 2312 ÷
787 2234 941 2304 Heu>
956 2232 1063 2313 ΑΒΓ,

370 2338 482 2400 ΗΘΚ
495 2338 534 2416 -Ι-
551 2339 697 2411 ΑΒΓ)
713 2341 827 2419 ΔΕΖ,

91 2446 128 2507 et
148 2442 193 2507 sit
215 2446 278 2506 AB
296 2444 981 2526 =Br=An=n2=He=eK,
1000 2445 1033 2506 et
1051 2440 1107 2506 du·

93 2553 210 2616 eantur
232 2552 306 2631 ΑΓ,
329 2553 409 2633 ΔΖ,
432 2552 513 2613 ΗΚ.
556 2548 640 2633 dieo,
663 2550 734 2613 fieri
756 2571 865 2633 posse,
887 2553 926 2614 ut
948 2571 986 2613 ex
1008 2548 1106 2614 reetie

91 2655 282 2741 aequalibus
301 2653 400 2719 rectis
418 2656 492 2738 Ar,
507 2659 542 2717 A
547 2655 573 2718 Z
578 2703 587 2737 ,
601 2657 676 2718 ΗΚ
692 2653 874 2738 triangulus
894 2657 1108 2737 construatur,

91 2762 155 2827 hoe
183 2765 245 2844 est,
272 2764 435 2825 rectarum
457 2762 535 2843 ΑΓ,
564 2764 643 2839 ΔΖ,
670 2762 744 2824 ΗΚ
765 2760 844 2825 duas
872 2760 1036 2843 quaslibet
1057 2780 1108 2823 re·

93 2868 184 2952 liqua
206 2867 347 2932 maiores
371 2886 451 2930 esse.

159 2975 224 3038 iam
243 2974 272 3038 si
291 2971 402 3057 anguli
420 2977 453 3035 A
459 2974 530 3056 BF,
545 2976 660 3050 ΔΕΖ,
674 2975 783 3036 ΗΘΚ
799 2973 885 3036 inter
904 2993 938 3035 se
957 2971 1107 3053 aequales

91 3083 179 3164 sunt,
191 3078 400 3143 manifestum
415 3081 474 3156 est,
488 3099 561 3142 eum
576 3077 674 3142 etiam
688 3080 761 3156 ΑΓ,
776 3081 855 3160 ΔΖ,
869 3080 943 3140 ΗΚ
956 3076 1107 3158 aequales

95 3187 162 3253 sint
186 3183 229 3269 [1‚
251 3184 298 3267 4],
319 3183 391 3248 fieri
412 3204 522 3267 posse,
549 3185 587 3247 ut
615 3204 653 3248 ex
676 3184 774 3247 rectis
798 3181 987 3266 aequalibus
1011 3183 1107 3246 rectis

90 3295 167 3375 ΑΓ,
191 3293 271 3372 ΛΖ,
290 3292 367 3353 ΗΚ
387 3288 570 3374 triangulus
593 3291 810 3353 construatur.
847 3288 898 3352 sin
921 3287 1037 3371 minus,
1060 3288 1108 3353 in·

164 3486 191 3549 1)
214 3483 290 3538 Nam
313 3484 343 3536 in
366 3481 478 3553 angulis
502 3479 612 3547 solidis,
636 3478 686 3549 qui
710 3479 774 3550 plus
797 3497 882 3550 quam
904 3481 995 3537 tribus
1012 3479 1106 3551 planis

90 3555 203 3627 angulis
222 3552 410 3621 eontinentur,
430 3552 560 3607 similiter
577 3550 802 3606 ratiocinandum
820 3555 868 3607 est.
