2468 3952
140 184 183 248 50
512 189 713 243 ΣΤΟΙΧΕΙΩΝ
732 184 784 245 ια’.

139 330 184 418 τῷ
207 323 416 420 ὑποκειμένῳ
440 330 582 422 ἐπιπέδῳ
606 328 690 417 πρὸς
713 329 832 418 ὀρθάς·
855 329 893 400 τδ
913 330 980 419 ἄρα
999 339 1070 399 ΔΕ
1087 335 1155 400 έπί·

139 438 243 502 πεδον
270 432 380 521 ὀρθόν
408 439 478 505 ἐστι
505 436 588 524 πρὸς
615 435 653 505 τὸ
685 434 916 524 ὑποκείμενον.
963 435 1087 525 ὁμοίως
1110 437 1154 525 δὴ

140 539 353 628 δειχθήσεται
375 542 431 609 καὶ
457 542 566 610 πάντα
588 541 629 610 τὰ
653 542 709 611 διὰ
732 548 790 630 τῆς
813 551 878 610 AB
902 547 1040 613 ἐπίπεδα
1063 543 1154 633 ὀρθὰ

139 673 346 733 τνμχανοντα
369 646 453 736 πρὸς
474 647 512 717 τὸ
536 648 757 736 ὑποκείμενον
775 653 941 718 ἐπίπεδον.

104 768 119 818 ο
203 751 281 821 Ἐὰν
310 752 376 841 ἄρα
399 750 517 823 εὐθεῖα
540 756 683 844 ἐπιπέδῳ
707 756 774 823 τινὶ
797 755 880 843 πρὸς
902 753 1010 843 ὀρθὰς
1034 748 1071 846 ᾗ,
1097 758 1154 825 καὶ

138 859 247 928 πάντα
274 859 314 927 τὰ
344 861 388 929 δι’
424 858 527 948 αὐτῆς
554 864 692 930 ἐπίπεδα
719 866 764 954 τῷ
789 859 880 954 αὐτῷ
904 864 1047 955 ἐπιπέδῳ
1071 861 1155 951 πρὸς

140 966 248 1054 ὀρθὰς
271 972 382 1034 ἔσται·
404 964 485 1055 ὅπερ
509 971 576 1034 ἔδει
600 969 714 1048 δεῖξαι.

615 1195 677 1265 ιδ’.

206 1318 294 1388 Ἐὰν
319 1321 391 1389 δύο
416 1323 581 1389 ἐπίπεδα
603 1323 796 1409 τέμνοντα
819 1321 964 1409 ἄλληλα
983 1324 1153 1415 ἐπιπέδῳ

88 1442 120 1491 10
139 1427 220 1494 τινὶ
243 1426 339 1515 πρὸς
362 1426 487 1514 ὀρθὰς
509 1419 547 1517 ᾖ,
570 1428 637 1495 καὶ
660 1425 681 1515 ἡ
700 1426 816 1515 κοινὴ
836 1426 965 1497 αὐτῶν
982 1427 1079 1516 τομὴ
1098 1432 1149 1520 τῷ

140 1533 243 1625 αὐτῷ
268 1535 437 1626 ἐπιπέδῳ
460 1533 556 1621 πρὸς
579 1531 705 1623 ὀρθὰς
728 1540 847 1602 ἔσται.

207 1639 281 1707 Δύο
305 1639 369 1727 γὰρ
394 1641 531 1708 έπίπεδα
553 1639 593 1707 τὰ
613 1648 693 1726 AB,
713 1648 779 1710 ΒΓ
793 1652 839 1733 τῷ
857 1639 1065 1731 ὑποκειμένῳ
1088 1643 1154 1708 έπι·

138 1746 228 1837 πέδῳ
252 1745 335 1834 πρὸς
359 1743 465 1834 ὀρθὰς
487 1751 582 1833 έστω,
605 1747 701 1834 κοινὴ
727 1747 764 1815 δέ
787 1744 899 1816 αὐτῶν
922 1746 1006 1835 τομὴ
1030 1753 1113 1815 έστω
1133 1774 1154 1835 η

140 1860 220 1924 ΒΔ·
249 1855 349 1941 λέγω,
381 1853 432 1923 ὅτι
459 1851 480 1941 ἡ
505 1861 573 1921 ΒΔ
599 1858 644 1946 τῳ
672 1851 879 1946 ὑποκειμένῳ
903 1855 1046 1945 ἐπιπέδῳ
1069 1853 1155 1942 πρὸς

86 1972 118 2021 15
139 1963 248 2052 ὀρθάς
271 1965 370 2031 ἐστιν.
537 1995 556 2043 0

206 2068 266 2157 Μὴ
289 2067 365 2155 γάρ,
388 2067 443 2134 καὶ
466 2064 629 2154 ἤχθωσαν
652 2062 717 2134 ἀπὸ
741 2075 803 2133 τοῦ
823 2074 857 2132 Δ
875 2071 1014 2153 σημείου
1034 2067 1071 2134 ἐν
1089 2065 1152 2152 μέν

138 2180 183 2266 τῷ
207 2182 272 2242 AB
299 2175 442 2266 ἐπιπέδῳ
470 2176 510 2261 τῇ
534 2180 606 2240 ΑΛ
634 2169 753 2263 εὐθείᾳ
781 2173 865 2260 πρὸς
893 2170 1000 2260 ὀρθὰς
1023 2169 1044 2259 ἡ
1069 2178 1153 2258 ΛΕ,

139 2285 177 2350 έν
209 2280 247 2348 δέ
277 2291 323 2372 τῷ
351 2286 418 2347 ΒΓ
445 2279 588 2371 ἐπιπέδῳ
616 2289 655 2366 τῇ
685 2283 751 2345 ΓΔ
779 2279 863 2367 πρὸς
893 2275 1001 2366 ὀρθὰς
1027 2275 1048 2366 ἡ
1079 2285 1153 2346 ΔΖ.

138 2380 194 2454 καὶ
226 2387 295 2454 ἐπεὶ
322 2382 359 2452 τὸ
389 2393 454 2453 ΑΒ
482 2387 639 2453 ἐπίπεδον
668 2381 777 2470 ὀρθόν
807 2388 875 2453 ἐστι
903 2383 985 2471 πρὸς
1007 2384 1046 2452 τὸ
1072 2382 1152 2452 ὑπο-

85 2502 120 2551 20
138 2499 304 2580 κείμενον,
331 2492 386 2559 καὶ
409 2496 449 2580 τῇ
472 2496 569 2580 κοινῇ
593 2488 703 2560 αὐτῶν
726 2501 810 2580 τομῇ
834 2495 873 2580 τῇ
897 2502 929 2559 A
936 2500 969 2558 Δ
991 2490 1074 2578 πρὸς
1097 2490 1154 2575 ὀρ-

138 2598 204 2678 θδις
237 2601 273 2666 έν
304 2600 350 2690 τῷ
379 2605 444 2665 ΑΒ
477 2598 621 2688 ἐπιπέδῳ
654 2588 750 2685 ἦκται
777 2594 798 2684 ἡ
827 2604 910 2684 ΛΕ,
941 2595 962 2684 ἡ
992 2604 1061 2664 ΔΕ
1086 2595 1154 2683 ἄρα

139 2703 228 2791 ὀρθή
253 2704 321 2771 ἐστι
344 2703 428 2792 πρὸς
449 2702 487 2772 τὸ
512 2700 733 2790 ὑποκείμενον
756 2706 924 2773 ἐπίπεδον.
967 2701 1089 2790 ὁμοίως
1108 2701 1152 2788 δὴ

210 2948 379 3008 2..έστινΡ
470 2953 538 3007 Post
556 2946 746 3025 ὑποκείμενον
767 2951 832 3006 add.
852 2948 990 3008 ἐπίπεδον
1009 2955 1028 3007 b
1046 2954 1076 3006 et
1092 2967 1151 3036 mg.

137 3043 174 3080 m.
194 3041 248 3081 rec.
267 3023 301 3078 V
387 3027 412 3080 ὅ.
432 3024 534 3078 καί-
554 3028 577 3078 7.
589 3020 714 3092 asana:
734 3045 769 3070 ω
788 3023 822 3078 V
904 3031 929 3079 6.
947 3021 982 3078 τὰ
1002 3018 1044 3078 δι’
1065 3016 1154 3107 αὑτῆς

139 3092 200 3151 έπι-
219 3112 299 3151 euan.
318 3094 347 3150 F.
413 3102 437 3149 9.
457 3093 607 3164 τέμνοντα]
627 3111 777 3164 στερεοντα
796 3112 818 3161 φ
837 3096 903 3161 (non
921 3095 964 3182 F).
1025 3088 1151 3164 ἐπιπέδῳ

137 3167 210 3237 τινί]
231 3184 284 3221 om.
304 3167 335 3233 V,
355 3165 404 3219 sed
422 3164 536 3220 uidetur
553 3165 686 3220 fuissem
703 3182 758 3234 mg
834 3171 874 3221 10.
890 3163 1001 3237 τομή]’
992 3185 1023 3220 1n
1040 3181 1095 3219 ras.
1114 3180 1152 3217 m.

139 3239 204 3291 1Ρ
266 3242 307 3290 12.
321 3236 359 3322 τῳ
392 3237 490 3303 bisP3
510 3253 579 3291 corr.
599 3254 635 3291 m.
655 3242 680 3290 1.
741 3238 782 3289 15.
803 3231 861 3290 ἔστι
879 3235 942 3304 BV
962 3252 1052 3307 comp
1071 3235 1102 3288 F.

139 3313 180 3363 16.
201 3302 304 3378 ιἰπό]
291 3290 348 3361 νπέ
488 3313 529 3362 17.
548 3306 594 3432 τῳ
616 3324 630 3362 ο
649 3321 718 3360 corr.
738 3305 765 3360 b.
855 3279 942 3378 πρός]
958 3322 1011 3361 om.
1031 3327 1061 3375 φ.

138 3379 369 3460 ΔΕ]Δεοοττ.
385 3349 419 3432 V.
492 3383 534 3432 18.
555 3377 718 3449 8]om.P.
792 3379 975 3449 ΓΔ]ΔΓ1).
1050 3376 1154 3446 ΔΖ]Ζ

137 3449 167 3503 in
185 3465 236 3504 ras.
256 3448 289 3505 V.
378 3455 419 3504 19.
430 3446 509 3532 ιἔστι]
529 3466 583 3504 om.
603 3467 625 3516 φ
647 3451 714 3518 (non
732 3447 773 3517 F).
856 3456 898 3504 20.
919 3449 983 3520 καί]
1005 3445 1153 3513 ἐπίπεδον,

138 3521 189 3575 καί
204 3521 231 3578 b.
304 3521 369 3591 ΑΔ]
388 3527 410 3574 Α
429 3520 530 3575 iuras.
544 3520 605 3573 FV.
