2468 3952
168 223 231 288 196
535 223 739 276 Στοωυωιω
758 220 810 296 ιμ’.

164 366 226 452 μέν
260 368 330 433 ἐστι
356 366 394 434 τὸ
419 371 695 433 ΑΕΒΖΓΗΔΘ
720 366 936 452 πολύγωνον,
964 367 1051 446 ύψος
1079 364 1117 433 δὲ
1143 391 1182 434 το

165 470 247 540 αὐτὸ
279 475 326 565 τῶ
357 477 543 565 κυλίνδρῳ,
576 471 689 559 μεῖζόν
721 475 790 541 ἐστι
819 477 881 540 τού
907 474 1107 559 κυλίνδρου,
1141 462 1184 539 ού

62 652 65 660 ,
165 578 262 664 βάσις
285 578 377 646 ἐστίν
399 576 417 647 6
442 585 575 647 ΑΒΓΔ
597 578 726 659 κύκλος.
769 576 853 647 άλλδι
875 579 931 646 κοιλ
955 583 1105 647 ἔλαττον·
1129 581 1182 665 ἐμ-

164 686 349 774 περιέχεται
370 684 435 772 γάρ
458 682 516 751 ὑπ’
543 682 662 752 αύτού·
687 686 768 772 ὅπερ
792 687 882 754 ἐστὶν
906 683 1087 753 άδύνοιτον.
1121 682 1184 751 ούκ

46 812 49 817 ’
130 789 231 879 σάρα
255 788 273 858 6
296 788 477 878 κύλινδρος
498 794 559 858 τού
581 789 696 858 κῶνον
719 791 863 860 ἐλάττων
888 792 979 859 ἐστὶν
1001 787 1022 877 ἢ
1046 789 1184 879 τριπλά-

165 916 246 977 σιος.
283 899 420 988 ἐδείχθη
444 896 497 982 δέ,
521 895 574 964 ὅτι
597 895 678 965 οὐδὲ
701 903 821 984 μείζων
843 893 865 983 ἢ
884 895 1091 984 τριπλάσιος·
1114 923 1182 984 τρι-

164 1004 305 1084 ττλάσιος
332 1002 399 1092 άρυ
427 1001 446 1072 6
474 1002 654 1093 κύλινδρος
681 1007 743 1071 τοῦ
769 1002 895 1070 κῶνον·
923 1003 1008 1071 ῶστε
1032 1001 1049 1070 6
1073 1008 1183 1083 κῶνος

164 1116 279 1197 τρίτον
302 1109 370 1178 ἐστὶ
394 1109 494 1198 μέρος
514 1119 577 1177 τοῦ
599 1114 792 1198 κυλίνδρου.

253 1219 330 1295 Πῶς
351 1214 418 1303 άρα
439 1218 549 1295 κῶνος
570 1219 754 1304 κυλίνδρου
776 1220 890 1300 τρίτον
914 1217 1013 1304 μέρος
1037 1215 1106 1282 ἐστὶ
1120 1220 1183 1283 τοῦ

114 1342 146 1391 10
164 1320 227 1408 τὴν
255 1319 362 1408 αὐτὴν
389 1320 492 1408 βάσιν
520 1325 655 1409 ἔχοντος
678 1319 769 1413 αύτῷ
792 1323 848 1389 καὶ
872 1323 959 1403 ὕψος
982 1331 1082 1390 ἴσον,
1100 1320 1181 1407 ὅπερ

165 1431 233 1496 ἔδει
257 1429 371 1508 δεῖξαι.

642 1533 699 1602 ια’.

256 1661 306 1726 Οί
329 1656 405 1727 ύιτὸ
432 1657 476 1727 τὸ
505 1656 601 1727 αὐτὸ
626 1655 726 1739 ύιβος
749 1657 861 1738 ὄντες
882 1661 1007 1726 κῶνοι
1030 1659 1095 1725 κοιλ
1117 1657 1181 1726 κύ-

164 1768 326 1850 λινδροι
348 1765 447 1854 τιρδς
469 1762 666 1851 ἀλλήλους
689 1765 794 1833 είσδν
817 1762 866 1846 ῶς
888 1769 930 1834 ιιί
950 1765 1096 1852 βάσεις.

114 1892 146 1939 15
221 1869 398 1939 Ἔστωσαν
421 1869 486 1940 ὑπὸ
511 1869 549 1940 τὸ
572 1869 655 1939 αὐτὸ
679 1868 767 1952 ύψος
788 1882 893 1941 κῶνοι
915 1873 971 1940 καὶ
993 1872 1182 1958 κύλινδροι,

164 1967 214 2043 ῶν
247 1975 362 2062 βάσεις
392 1976 455 2068 μὲν
489 1982 603 2062 [εἰσιν]
638 1981 675 2046 oc
703 1984 852 2065 ΑΒΓΔ,
885 1984 1022 2046 ΕΖΗΘ
1053 1977 1182 2064 κύκλοι,

164 2080 281 2163 ἄξονες
305 2083 343 2149 δὲ
366 2085 401 2150 oc
418 2091 502 2170 KA,
527 2090 621 2170 ΜΝ,
646 2082 819 2170 διάμετροι
843 2083 882 2151 δὲ
903 2087 971 2152 τῶν
995 2085 1128 2171 βάσεων
1147 2087 1185 2151 αἱ

163 2193 244 2274 ΑΓ,
268 2194 350 2255 ΕΗ
374 2190 474 2276 λέγω,
498 2186 550 2257 ὅτι
573 2190 664 2258 ἐστὶν
688 2187 732 2270 ῶς
755 2187 773 2257 6
797 2196 933 2259 ΑΒΓΔ
955 2190 1076 2270 κύκλος
1099 2190 1183 2277 πρὸς

164 2291 226 2360 τὲῑν
253 2300 392 2362 ΕΖΗΘ
422 2294 563 2381 κύκλον,
597 2293 704 2376 οὕτως
733 2293 751 2363 6
780 2304 848 2364 ΑΛ
875 2300 984 2376 κῶνος
1011 2296 1094 2383 πρὸς
1120 2294 1183 2364 τὸν

112 2421 146 2471 20
165 2404 239 2466 EN
257 2404 378 2468 κῶνον.

232 2511 277 2574 Εί
301 2506 367 2594 γάρ
391 2506 450 2594 μή,
481 2513 572 2577 ἔσται
599 2507 644 2589 ῶς
669 2507 686 2578 6
710 2516 844 2578 ΑΒΓΔ
870 2509 991 2589 κύκλος
1014 2509 1097 2596 πρὸς
1119 2508 1182 2577 τὸν

164 2619 303 2680 ΕΖΗΘ
324 2613 466 2702 κύκλον,
490 2616 597 2695 οὕτως
620 2613 638 2684 6
663 2622 732 2683 ΑΔ
753 2620 861 2696 κῶνος
883 2615 958 2702 ἤτοι
980 2614 1064 2703 πρὸς
1086 2621 1182 2684 ἔλασ-

165 2717 229 2788 σόν
251 2744 283 2786 τι
305 2724 365 2788 τοῦ
389 2728 464 2789 ΕΝ
481 2719 594 2790 κῶυου
617 2720 755 2811 στερεὸν
777 2718 798 2808 ἢ
822 2722 905 2811 πρὸς
929 2729 1050 2809 μεῖζον.
1096 2727 1180 2790 ἔστω

165 2824 330 2914 πρότερον
354 2826 438 2914 πρὸς
461 2832 604 2896 ἔλασσον
625 2826 664 2896 τὸ
688 2829 730 2913 Ξ,
752 2828 809 2895 καὶ
833 2819 860 2920 ᾧ
883 2827 1027 2897 ἔλασσόν
1051 2830 1120 2896 ἐστι
1142 2828 1181 2895 τὸ

112 2954 146 3004 25
168 2937 198 3012 Ξ
224 2931 359 3021 στερεὸν
386 2936 449 3002 τοῦ
471 2941 546 3002 ΕΝ
567 2933 697 3018 κῶνον,
724 2935 839 3024 ἐκείνῳ
869 2941 945 3002 ίσον
973 2939 1055 3002 ἔστω
1078 2932 1117 3003 τὸ
1149 2941 1187 3000 Ψ

166 3040 315 3128 στερεόν·
343 3039 361 3108 6
386 3047 460 3108 EN
477 3043 584 3120 κῶνος
606 3039 674 3129 άρα
698 3047 770 3119 ίσος
793 3042 862 3107 ἐστὶ
884 3054 955 3120 τοῖς
977 3043 1019 3126 Ξ,
1052 3049 1090 3108 Ψ
1110 3062 1181 3109 στε-

165 3158 263 3231 ρεοῖς.
319 3144 541 3233 ἐγγεγράφθω
573 3151 620 3226 είς
651 3144 713 3214 τὸν
746 3153 882 3213 ΕΖΗΘ
913 3146 1039 3214 κύκλον
1070 3148 1182 3233 τετρά-

166 3277 277 3336 γωνον
305 3249 342 3319 τὸ
371 3258 520 3320 ΕΖΗΘ·
549 3250 586 3321 τὸ
615 3251 681 3341 άροι
710 3251 920 3341 τετράγωνον
949 3252 1061 3339 μεῖζόν
1090 3255 1182 3322 ἐστιν

237 3487 262 3536 3.
282 3480 333 3551 μέν
353 3477 428 3537 ἔστιν
447 3483 505 3551 Vq.
578 3477 655 3537 ἐστὶν
674 3476 703 3554 6]
721 3500 778 3553 mg.
794 3501 829 3536 m.
846 3489 860 3537 1
876 3483 906 3540 P.
981 3478 1103 3538 ἐλάττων
1121 3486 1180 3555 Vq.

236 3557 262 3608 4.
282 3548 368 3621 ἐστίν]
388 3569 442 3608 om.
461 3553 494 3608 V.
568 3559 594 3608 8.
613 3552 697 3624 μέρος
716 3549 777 3609 ἐστί
792 3553 825 3609 V.
899 3560 923 3608 9.
942 3549 1000 3623 ἄρα
1019 3551 1034 3610 6
1056 3554 1089 3609 V.
