2468 3952
371 183 770 239 munanroauunmaa
786 185 863 238 xm.
961 211 964 216 -
1010 171 1013 174 ’
1062 181 1128 247 339

108 330 233 416 potest3
264 349 342 394 nam
374 327 479 393 omnis
511 328 651 413 angulus
682 327 807 393 solidus
836 327 943 392 minus
974 329 1130 413 quattuor

108 433 207 500 rectis
232 432 516 518 comprehenditur
536 432 605 518 [XI,
619 433 686 515 21].
718 433 831 499 eadem
853 433 892 499 de
911 455 1011 500 causa
1029 455 1071 499 ne
1090 456 1130 498 ex

107 540 256 626 pluribus
276 540 405 625 quidem
424 561 522 625 quam
544 562 601 605 sex
616 540 747 626 angulis
767 539 873 625 planis
892 539 1015 605 solidus
1031 560 1131 625 angu-

108 647 161 711 lus
185 647 394 713 construitur.
435 646 544 713 tribus
569 648 677 711 autem
702 645 868 731 quadratis
893 647 1034 731 angulus
1057 647 1132 711 cubi

109 752 403 838 comprehenditur.
449 755 605 838 quattuor
633 756 742 819 autem
764 753 892 838 nullue3
919 774 996 818 nam
1019 774 1130 817 rursus

110 861 266 944 quattuor
293 859 376 927 recti
404 863 510 924 erunt.
560 859 755 945 pentagonis
783 862 891 924 autem
921 858 1130 944 aequilateris

108 969 142 1031 et
168 965 394 1051 aequiangulis
417 965 522 1031 tribus
548 966 686 1050 angulus
710 964 901 1031 dodecaedri
923 964 1131 1050 comprehen·
1223 955 1231 966 ⁵

108 1072 204 1158 ditur,
231 1075 387 1157 quattuor
405 1074 514 1137 autem
531 1072 653 1156 nullus3
673 1094 749 1137 nam
769 1093 840 1137 cum
861 1072 999 1158 angulus
1018 1074 1130 1157 penta·

109 1179 188 1264 goni
215 1178 408 1262 aequilateri
432 1177 579 1262 aequalis
603 1178 648 1244 sit
669 1181 759 1244 recto
783 1178 904 1264 angulo
925 1199 998 1243 cum
1017 1178 1130 1261 quinta

106 1275 209 1369 parte
227 1285 323 1367 recti,
356 1287 511 1368 quattuor
541 1285 653 1370 anguli
681 1288 836 1370 quattuor
864 1284 962 1351 rectis
990 1283 1128 1349 maiores

108 1394 217 1475 erunt3
250 1388 335 1475 quod
366 1389 440 1455 fieri
469 1411 537 1455 non
569 1393 686 1475 potest.
740 1388 852 1454 eadem
887 1388 927 1455 de
959 1412 1057 1455 causa
1088 1411 1128 1454 ne

109 1497 183 1561 aliis
213 1496 342 1581 quidem
370 1496 485 1581 figuris
513 1496 686 1582 polygonis
714 1495 853 1582 angrlus
888 1496 1013 1562 solidus
1027 1518 1126 1562 -com-

106 1602 332 1688 prehendatur.

176 1730 254 1796 ergo
284 1713 413 1793 praeter
441 1708 581 1794 quinque
610 1709 745 1794 figuras,
775 1728 856 1792 quas
878 1707 1128 1792 nominauimus,

107 1817 197 1881 nulla
220 1816 286 1880 alia
307 1800 414 1900 figura
434 1814 538 1880 solida
557 1817 764 1881 construetur
783 1813 897 1900 figuris
917 1813 1127 1898 aequilateris

109 1925 142 1986 et
152 1922 378 2008 aequiangulis
388 1921 636 2006 comprehensa3
651 1920 739 2007 quod
749 1924 819 1986 erat
829 1919 1126 1986 demonstrandum.

534 2115 693 2182 Lemma.

174 2241 341 2327 Angulum
374 2245 482 2306 autem
513 2240 692 2326 pentagoni
726 2240 918 2327 aequilateri
950 2244 984 2305 et
1015 2238 1122 2323 aequi-

107 2347 219 2432 anguli
251 2347 418 2431 aequalem
453 2368 523 2412 esse
551 2334 672 2432 angulo
700 2350 789 2413 recto
818 2350 852 2412 et
879 2345 1011 2431 quintae
1039 2345 1126 2430 parti

106 2453 201 2537 recti,
225 2453 271 2518 sic
294 2451 589 2519 demonstrandum.

175 2559 219 2624 sit
238 2558 323 2625 enim
337 2562 557 2645 pentagonum
574 2559 810 2644 aequilaterum
825 2561 859 2624 et
873 2559 1124 2644 aequiangulum

105 2668 277 2751 ΑΒΓΔΕ,
291 2669 324 2730 et
337 2665 458 2731 circum
472 2665 506 2731 id
520 2666 657 2731 circulus
673 2665 956 2730 circumscribatur
970 2666 1127 2728 ΑΒΓΔΕ

105 2771 176 2858 [IV‚
202 2773 256 2854 14]
263 2822 273 2857 ‚
301 2775 334 2838 et
357 2775 504 2838 sumatur
528 2777 675 2837 centrum
700 2771 768 2835 eius
793 2774 820 2833 Z
845 2769 990 2854 [HI,1]‚
1014 2772 1047 2833 et
1070 2769 1125 2833 du·

105 2881 221 2945 cantur
244 2883 318 2964 ZA,
341 2882 417 2964 ΖΒ,
440 2881 512 2958 ΖΓ,
535 2881 615 2963 ΖΛ,
639 2880 709 2941 ΖΕ.
755 2876 863 2960 itaque
886 2876 1023 2961 angulos
1046 2896 1124 2958 pen·

105 2985 220 3071 tagoni
252 2985 293 3050 ad
319 2990 367 3071 A,
394 2989 438 3070 Β,
465 2988 501 3071 Γ,
530 2988 581 3070 A,
613 2988 645 3049 Ε
671 2983 795 3069 positos
827 2981 862 3045 in
888 2981 984 3046 binas
1012 2985 1123 3064 partes

105 3092 256 3177 aequales
280 3093 391 3157 secant
415 3091 519 3177 [1‚4].
557 3094 589 3155 et
608 3089 761 3175 quoniam
785 3087 927 3172 quinque
950 3087 1063 3171 anguli
1083 3086 1123 3152 ad

105 3325 147 3374 14.
168 3315 394 3390 σονοταθήσετοι
412 3317 444 3389 P,
463 3335 533 3375 corr.
553 3337 589 3373 m.
608 3334 663 3374 rec.
724 3323 765 3372 16.
785 3315 893 3387 λῆμμα]
914 3331 968 3370 om.
989 3313 1068 3369 codd.

105 3396 147 3446 17.
168 3387 213 3445 ὅτε
234 3407 260 3459 q.
351 3409 380 3445 τε
400 3391 453 3444 καί
468 3390 500 3444 V.
592 3389 661 3444 Post
680 3386 828 3458 ἰσογωνίου
848 3386 911 3441 add.
931 3387 984 3440 καί
999 3402 1025 3454 q.

105 3467 147 3516 18.
168 3457 243 3517 ἐστιν
261 3459 320 3518 PB.
384 3460 512 3531 adprecor
532 3477 558 3529 q.
624 3465 667 3515 20.
685 3479 715 3514 τε
735 3461 787 3514 καί
801 3457 836 3515 V.
900 3461 943 3513 22.
962 3454 1008 3529 τό]
1024 3455 1122 3528 (prius)

105 3549 159 3588 om.
180 3550 205 3601 q.
286 3538 329 3590 24.
349 3528 497 3602 τέμνουσιν
516 3529 576 3586 ΡΒ.

905 3616 962 3673 22*
