2468 3952
138 201 201 264 192
500 199 702 252 ΣΤΟΙΧΕΙΩΝ
718 157 771 269 ιμ’.

135 343 226 410 ἐστὶν
250 340 428 409 ἀδύνατον.
466 339 528 408 οὐκ
551 337 617 425 άρα
640 339 731 425 ἐστὶν
760 336 777 407 ὁ
801 340 981 425 κύλινδρος
1003 352 1064 407 τοῦ
1088 341 1152 408 κώ-

135 475 198 515 νου
222 453 340 535 μείζων
363 444 383 532 ἢ
408 445 609 530 τριπλάσιος,

203 555 299 640 Λέγω
323 554 381 639 δή,
406 554 457 621 ὅτι
482 551 562 621 οὐδὲ
585 551 731 620 ἐλάττων
755 553 845 621 ἐστὶν
869 549 889 639 ἢ
914 553 1108 639 τριπλάσιος
1132 552 1150 622 ὁ

135 660 314 748 κύλινδρος
336 664 397 728 τού
420 658 540 728 κώνου.

100 787 117 835 5
203 771 248 833 Εί
269 763 332 852 γάρ
356 767 514 849 δυνατόν,
539 771 621 833 ἐστω
642 765 787 833 ἐλάττων
805 762 826 850 ἢ
846 766 1039 851 τριπλάσιος
1058 765 1076 834 ὁ
1095 767 1151 834 κύ-

136 877 273 959 λινδρος
299 876 360 939 τού
387 871 515 940 κώνου·
543 869 712 939 ἀνάπαλιν
739 870 805 957 ἀρα
833 872 850 939 ὁ
875 875 984 952 κώνος
1006 878 1066 941 τοῦ
1096 900 1153 941 κυ-

136 982 278 1064 λίνδρου
309 984 429 1064 μείζων
463 977 552 1045 ἐστὶν
581 973 601 1063 ἢ
629 984 743 1064 τρίτον
770 979 877 1063 μέρος.
929 978 1151 1065 ἐγγεγράφθω

138 1084 180 1170 δὴ
204 1089 252 1162 είς
273 1083 333 1150 τὸν
352 1090 486 1151 ΑΒΓΔ
508 1083 634 1151 κύκλον
656 1082 867 1169 τετράγωνον
890 1082 928 1152 τδ
943 1091 1089 1152 ΑΒΓΔ·
1114 1085 1153 1153 τὸ

137 1195 271 1258 ΑΒΓΔ
294 1191 359 1274 ἀρα
382 1189 593 1275 τετράγωνον
615 1188 727 1275 μεῖζόν
751 1191 842 1257 ἐστιν
866 1187 886 1276 ἢ
911 1188 948 1258 τὸ
968 1192 1073 1277 ἥμισυ
1091 1195 1152 1258 τοῦ

85 1317 118 1365 10
137 1302 272 1363 ΑΒΓΔ
295 1296 429 1363 κύκλον.
462 1295 517 1362 καὶ
536 1293 706 1362 ἀνεστάτω
726 1293 791 1363 ἀπὸ
809 1299 871 1363 τοῦ
889 1302 1023 1363 ΑΒΓΔ
1041 1323 1153 1382 τετρα-

137 1402 252 1487 γώνου
279 1401 424 1488 πυραμὶς
450 1401 513 1487 τὴν
537 1399 643 1486 αὐτὴν
660 1400 816 1488 κορυφὴν
836 1407 958 1490 ἔχουσα
976 1407 1022 1494 τῷ
1041 1402 1152 1494 κώνφ·

137 1506 158 1593 ἡ
182 1505 247 1594 ἀρα
271 1505 500 1574 ἀνασταθεῖσα
523 1507 667 1593 πυραμὶς
690 1513 810 1593 μείζων
833 1508 924 1576 ἐστὶν
946 1504 967 1594 ἢ
987 1506 1024 1594 τὸ
1049 1509 1153 1594 ἥμισυ

137 1614 237 1698 μέρος
254 1616 315 1680 τού
330 1611 453 1697 κώνου,
473 1613 661 1700 ἐπειδήπερ,
679 1611 725 1692 ώς
739 1619 931 1700 ἔμπροσθεν
947 1617 1153 1700 ἐδείκνυμεν,

138 1720 190 1787 ὅτι
218 1717 277 1787 ἐάν
305 1718 379 1802 περὶ
406 1716 467 1785 τὸν
495 1717 620 1786 κύκλον
647 1718 858 1805 τετράγωνον
886 1720 1154 1807 περιγράψωμεν,

87 1831 231 1896 κτίσται
253 1826 291 1893 τδ
314 1830 449 1893 ΑΒΓΔ
471 1823 683 1910 τετράγωνον
705 1823 809 1912 ἥμισυ
831 1837 893 1893 τοῦ
916 1827 990 1912 περὶ
1013 1825 1074 1894 τὸν
1097 1825 1154 1894 κύ·

137 1940 220 2000 κλον
248 1931 555 2018 περιγεγραμμένου
577 1931 801 2018 τετραγώνου·
829 1932 885 1998 καὶ
913 1930 973 2000 έάν
997 1930 1062 2000 ἀπὸ
1085 1937 1154 2001 τών

137 2039 354 2124 τετραγώνων
400 2034 516 2122 στερεά
557 2042 868 2125 παραλληλεπίπεδα
914 2036 1154 2124 ἀναστήσωμεν

139 2148 265 2229 ἰσοϋψῆ
289 2153 335 2234 τῷ
358 2143 473 2231 κώνῳ,
497 2139 519 2209 ἀ
543 2144 598 2210 καί
621 2152 769 2211 καλεῖται
792 2149 973 2230 πρίσματα,
1001 2149 1092 2211 ἐσται
1115 2142 1154 2212 τὸ

138 2247 332 2317 ἀνασταθὲν
361 2247 426 2316 ἀπὸ
458 2252 519 2316 τοῦ
549 2255 683 2318 ΑΒΓΔ
714 2249 927 2336 τετραγώνου
957 2251 1062 2337 ἥμισυ
1093 2261 1155 2319 τοῦ

86 2377 121 2425 20
140 2355 391 2434 ἀνασταθέντος
413 2353 478 2422 ἀπὸ
502 2361 563 2423 τοῦ
580 2357 656 2442 περὶ
674 2354 735 2424 τὸν
753 2356 878 2425 κύκλον
893 2359 1156 2444 περιγραφέντος

139 2460 363 2547 τετραγώνου·
382 2458 466 2547 πρὸς
484 2460 612 2548 ἀλληλα
625 2461 690 2548 γάρ
705 2465 792 2530 είσιν
806 2460 851 2542 ώς
865 2467 902 2530 αἱ
914 2461 1038 2549 βάσεις.
1071 2462 1156 2532 ώστε

72 2636 75 2641 ,
139 2575 195 2634 καί
218 2567 258 2635 τά
282 2572 388 2653 τρίτα·
416 2567 472 2634 καί
496 2567 640 2661 πυραμὶς
663 2566 744 2657 ἀρα,
772 2560 812 2654 ἧς
841 2567 938 2655 βάσις
960 2567 998 2636 τὸ
1022 2576 1155 2636 ΑΒΓΔ

139 2672 366 2759 τετράγωνον,
399 2673 503 2760 ἥμισύ
531 2676 600 2742 ἐστι
627 2684 687 2761 τῆς
713 2678 900 2761 πυραμίδος
927 2686 986 2761 τῆς
1013 2674 1155 2743 ἀναστα-

139 2783 258 2865 θείσης
280 2777 345 2847 ἀπὸ
368 2784 429 2847 τού
449 2780 523 2865 περὶ
542 2780 603 2848 τὸν
620 2780 746 2848 κύκλον
764 2783 1027 2868 περιγραφέντος
1043 2808 1156 2869 τετρα-

86 2906 121 2956 25
141 2885 263 2972 γώνου.
312 2891 371 2953 καί
397 2888 464 2954 ἐστι
493 2893 613 2973 μείζων
644 2885 665 2973 ἡ
697 2887 843 2974 πυραμὶς
874 2885 894 2973 ἡ
928 2889 1156 2955 ἀνασταθεῖσα

141 2991 205 3061 ἀπὸ
237 3005 298 3062 τοῦ
330 2993 404 3077 περὶ
441 2992 502 3060 τὸν
533 2993 658 3061 κύκλον
689 2991 901 3079 τετραγώνου
932 2998 994 3061 τού
1025 2993 1157 3063 κώνου·

141 3102 324 3187 ἐμπεριέχει
351 3098 416 3186 γάρ
444 3097 557 3168 αὐτόν.
607 3097 628 3185 ἡ
656 3096 721 3182 ἀρα
749 3098 908 3185 πυραμὶς,
935 3089 976 3184 ἧς
997 3100 1096 3186 βάσις
1118 3098 1156 3167 τὸ

214 3318 238 3366 1.
259 3307 346 3383 ἐστίν]
367 3328 422 3365 om.
441 3310 474 3364 V.
563 3309 651 3382 ἐ]στίν
673 3307 751 3366 ἐσται
769 3311 835 3365 BV.
923 3331 1009 3367 κονου
1067 3314 1156 3367 etsie

141 3370 242 3469 pbstea
260 3399 352 3451 saepe
426 3387 450 3436 3,
471 3377 560 3468 ἐστίν]
579 3400 633 3437 om.
640 3311 686 3437 ].V
759 3377 952 3450 τριπλάσιόςέ
939 3307 1068 3439 ἐ.στιν(δ’

142 3451 218 3508 8.τὸ
237 3458 397 3507 ΑΒΓΔ-
416 3458 441 3506 9.
459 3450 649 3542 τετράγωνον]
670 3471 725 3522 mg.
744 3470 781 3509 m
802 3451 1225 3541 1Ρ.10.τετραγώ-4

141 3525 234 3595 νου]
226 3543 256 3578 1n
273 3542 327 3579 ras.
347 3541 373 3593 q
484 3529 525 3579 13.
545 3523 640 3596 μέρος]
661 3541 714 3580 om.
735 3523 768 3579 V.
877 3530 919 3579 14.
937 3523 1159 3595 περιγράψωμεν
