2468 3952
144 204 188 266 30
514 199 715 251 2T01XE12N
733 198 786 253 ια’.

637 369 672 408 ι.

209 446 295 516 Ἐἁν
326 448 399 517 δύο
423 447 582 516 εὐθεῖαι
606 446 825 534 ἁπτόμεναι
850 443 1033 531 ἀλλήλων
1056 443 1163 533 παρὰ

145 556 219 624 δόο
244 553 408 635 εὐθείας
431 552 655 641 ἁπτομένας
678 551 858 639 ἀλλήλων
883 544 953 620 ὦσι
978 550 1026 638 μὴ
1053 552 1093 618 ἐν
1112 554 1163 641 τῷ

145 659 249 751 αὐτῷ
274 662 461 752 ἐπιπέδῳ,
485 669 572 738 ἴσας
594 664 742 746 γωνίας
765 659 1028 744 περιέξουσιν.

109 789 124 835 ο
212 769 286 834 Δύο
310 765 374 853 γὰρ
398 765 531 834 εὐθεῖαι
555 768 593 831 αι’
614 772 695 850 ΑΒ,
714 771 781 832 ΒΓ
798 762 982 850 ἁπτόμεναι
1005 761 1164 850 ἀλλήλων

144 871 233 958 παρὰ
263 872 327 941 δύο
352 870 486 952 εὐθείας
514 870 572 951 τὰς
596 879 678 956 ΔΕ,
708 878 770 938 ΕΖ
797 869 985 957 ἁπτομένας
1008 867 1165 956 ἀλλήλων

145 984 295 1047 ἐστωσαν
318 979 363 1066 μη
384 980 420 1046 ἐν
438 984 484 1070 τῳ
505 977 595 1069 αὐτῷ
616 978 772 1068 ἐπιπέδῳ·
796 977 900 1062 λέγω,
924 977 976 1045 ότι
995 984 1051 1061 ἴση
1072 978 1164 1044 ἐστὶν

144 1083 164 1171 ἡ
190 1083 256 1152 ὑπὸ
280 1091 385 1153 ΑΒΓ
402 1091 510 1171 γωνία
533 1095 573 1173 τῇ
597 1081 662 1152 ὑπὸ
688 1091 796 1150 ΔΕΖ.

208 1189 487 1277 Ἀπειλήφθωσαν
520 1189 584 1278 γὰο
616 1194 653 1256 αί
678 1196 760 1274 ΒΑ,
789 1195 866 1274 ΒΓ,
888 1196 971 1274 ΕΔ,
1003 1196 1061 1255 ΒΖ
1095 1196 1164 1256 ἴσαι

94 1317 126 1368 10
146 1295 323 1383 ἁλληλαις,
350 1297 405 1363 καῖ
434 1295 687 1382 ἐπεζεύχθωσαν
711 1298 749 1362 αι’
768 1304 856 1381 ΑΛ,
880 1300 959 1380 ΓΖ,
982 1301 1065 1379 ΒΕ,
1089 1301 1165 1381 ΑΓ,

146 1410 223 1469 ΛΖ.
269 1402 324 1468 καῖ
353 1403 422 1469 ἐπεὶ
449 1400 470 1488 ἡ
496 1410 561 1469 ΒΑ
588 1407 628 1491 τῇ
654 1410 723 1468 ΕΔ
746 1410 802 1488 ἴση
827 1403 895 1469 ἐστὶ
918 1401 973 1468 καὶ
997 1400 1165 1488 παράλλη-

146 1515 217 1594 λος,
237 1508 293 1574 καὶ
317 1504 337 1593 ἡ
362 1516 433 1574 ΑΛ
456 1505 521 1595 ἁρα
544 1518 584 1595 τῇ
606 1514 671 1574 ΒΕ
693 1516 748 1594 ἴση
773 1507 842 1575 ἐστὶ
865 1507 921 1574 καῖ
944 1506 1165 1594 παράλληλος.

146 1611 202 1680 διὰ
230 1615 271 1679 τὰ
300 1610 384 1678 αὐτὰ
409 1611 451 1698 δη
476 1612 531 1679 καὶ
554 1610 575 1699 ἡ
599 1619 660 1679 ΓΖ
683 1617 722 1702 τῇ
742 1620 808 1679 ΒΕ
831 1621 886 1699 ἴση
912 1614 980 1680 ἐστὶ
1003 1614 1059 1680 καὶ
1083 1638 1164 1701 παρ-

146 1717 302 1804 άλληλος·
326 1718 463 1804 ἑκατέρα
487 1716 553 1803 ἁρα
575 1722 644 1786 τῶν
667 1728 756 1804 ΑΔ,
780 1725 841 1786 ΓΖ
864 1722 904 1807 τῇ
928 1726 994 1786 ΒΕ
1015 1727 1070 1805 ἴση
1095 1719 1165 1787 ἐστὶ

96 1845 128 1897 15
147 1824 203 1891 καὶ
235 1825 456 1911 παράλληλος.
512 1827 550 1892 αί
575 1823 612 1892 δὲ
639 1829 678 1913 τῇ
703 1824 787 1914 αὐτῇ
816 1821 934 1914 εὐθείᾳ
956 1825 1165 1913 παράλληλοι

147 1930 203 1998 καὶ
226 1928 270 2017 μὴ
296 1921 396 1998 οὐσαι
420 1927 504 2019 αὐτῇ
530 1933 634 2021 ἐντῷ
658 1929 748 2021 αὐτῷ
769 1931 911 2023 ἐπιπέδῳ
930 1931 987 1997 καῖ
1005 1929 1166 2018 ἁλλήλαις

147 2038 211 2104 εἴσῖ
235 2036 456 2125 παράλληλοι·
479 2037 691 2124 παράλληλος
713 2035 779 2122 ἄρα
803 2037 894 2104 ἐστὶν
914 2034 934 2123 ἡ
954 2047 986 2104 Α
993 2045 1026 2103 Δ
1043 2041 1084 2127 τῇ
1103 2044 1165 2106 ΓΖ

145 2142 201 2208 καὶ
226 2151 290 2229 ἴση.
337 2143 393 2210 καὶ
422 2141 697 2228 ἐπιζευγνύουσιν
720 2141 823 2223 αὐτὰς
847 2146 884 2210 αί
900 2149 981 2229 ΑΓ,
1005 2145 1165 2212 ΔΖ·καῖ

146 2245 257 2333 ηΑΓ
275 2246 341 2335 ἄρα
364 2258 404 2335 τῇ
424 2257 458 2314 Δ
464 2256 490 2315 Ζ
510 2256 565 2334 ἴση
590 2249 658 2316 ἐστὶ
681 2250 737 2315 καῖ
759 2249 978 2334 παράλληλος.
1019 2251 1075 2317 καὶ
1095 2251 1165 2318 ἐπεὶ

93 2375 127 2424 20
147 2352 210 2420 δύο
235 2349 272 2419 αἴ
292 2360 377 2439 ΑΒ,
405 2359 471 2420 ΒΓ
491 2353 569 2420 δνσὶ
592 2367 664 2433 ταῖς
687 2362 770 2440 ΑΒ,
799 2362 862 2422 ΕΖ
889 2364 959 2423 ἴσαι
983 2361 1081 2442 εἴσῖν,
1109 2358 1164 2423 καὶ

146 2457 243 2544 βάσις
274 2456 294 2545 ἡ
325 2465 395 2526 ΑΓ
422 2458 519 2544 βάσει
550 2470 590 2547 τῇ
620 2467 686 2527 ΛΖ
715 2468 785 2547 ἴση,
818 2467 926 2546 γωνία
956 2460 1022 2548 όίρα
1049 2461 1070 2549 ἡ
1098 2461 1166 2531 ὑπὸ
1219 2468 1222 2473 ’

146 2569 250 2631 ΑΒΓ
268 2570 376 2655 γωνίᾳ
397 2569 437 2654 τῇ
460 2564 527 2634 ὑπό
552 2575 653 2634 ΔΕΖ
677 2571 766 2635 ἐστιν
790 2575 854 2654 ἴση.

210 2666 289 2739 Ἐἁν
322 2669 388 2758 ἄρα
421 2671 483 2740 δύο
517 2671 648 2741 εὐθεῖαι
678 2671 863 2761 ἁπτόμεναι
891 2673 1046 2762 ἀλλήλων
1074 2675 1164 2764 παρὰ

147 2775 211 2844 δύο
235 2774 371 2858 εὐθείας
394 2777 581 2865 ἁπτομένας
610 2777 764 2867 ἀλλήλων
788 2773 850 2848 ὦσι
877 2779 922 2868 μὴ
943 2783 980 2849 ἐν
1002 2785 1048 2873 τῷ
1072 2780 1164 2874 αὐτῷ

93 2901 127 2950 25
147 2884 306 2975 ἐπιπέδῳ,
331 2891 405 2964 ἴσας
428 2890 553 2971 γωνίας
576 2888 798 2972 περιέξουσιν·
822 2884 903 2973 ὅπερ
927 2891 995 2955 ἔδει
1020 2889 1134 2969 δεῖξαι.

219 3032 243 3080 3.
263 3017 332 3080 οἶσιν
350 3026 408 3081 PB.
467 3033 493 3082 4.
513 3019 604 3096 οὖσαι,
624 3029 686 3090 ἴσας
703 3027 731 3083 b.
786 3026 948 3095 περιέξουσι
966 3029 1024 3084 Vb.
1089 3035 1113 3084 5.
1134 3027 1168 3083 αἱ

146 3103 211 3166 AB,
225 3095 291 3168 ΒΓ]
306 3113 360 3152 om.
375 3096 463 3153 BFV.
518 3099 585 3170 ΒΓ]
599 3098 700 3168 postea
712 3099 762 3154 ins.
777 3116 813 3153 m.
831 3104 844 3151 1
858 3098 888 3153 P.
944 3106 969 3154 6,
984 3098 1017 3153 αί
1029 3106 1091 3169 ΑΒ,
1110 3105 1168 3154 ΒΓ

146 3166 327 3236 παρὰΒΡῖ.
390 3176 414 3225 7.
433 3164 509 3243 αὐτῷ
542 3185 628 3238 supra
645 3187 697 3224 scr.
712 3169 742 3225 F.
806 3176 832 3224 9.
848 3172 910 3241 ΒΑ]
929 3170 959 3224 in
976 3187 1031 3226 ras.
1051 3170 1164 3225 m.1P.

205 3239 269 3310 ΕΖ]
288 3238 504 3296 ΠόδΖεοοιτ.
545 3281 551 3294 .
613 3246 654 3295 11.
676 3237 750 3295 ἐστίν
765 3241 795 3295 Β.
858 3248 899 3295 12.
921 3237 995 3296 ἐστιν
1015 3243 1060 3310 ἴση
1079 3241 1164 3298 BFb.

219 3315 261 3364 14.
282 3305 402 3378 ἑκατέρα
417 3342 448 3350 -
467 3314 508 3366 15.
531 3307 782 3436 παρόῖληλοςηῖδὶε
797 3312 832 3379 F,
851 3312 901 3367 sed
915 3329 985 3368 corr.
1005 3318 1085 3378 m.1;
1105 3331 1162 3383 mg.

147 3379 180 3432 V.
245 3386 284 3433 16.
304 3378 353 3433 καὶ
371 3377 409 3450 μή
429 3412 462 3420 -
482 3377 621 3454 ἐπιπέδῳ]
641 3400 695 3437 om.
737 3427 743 3437 .
810 3389 850 3439 1‘1.
869 3380 1056 3454 παράλληλοι]
1077 3401 1165 3453 supra

148 3465 198 3503 scr.
218 3466 254 3503 m.
275 3455 289 3502 1
309 3449 339 3504 1¹¹.
412 3446 480 3522 ἄρα]
501 3469 654 3520 suprascr.
674 3472 709 3509 m.
731 3459 747 3507 2
767 3452 797 3506 B.
871 3459 912 3508 18.
932 3455 995 3525 καί]
1016 3453 1164 3524 (primum)

147 3536 232 3589 supra
249 3539 285 3576 m.
307 3526 321 3573 1
342 3519 375 3575 V.
449 3528 490 3577 19.
511 3519 585 3576 ἐστίν
605 3522 661 3577 ΡΒ.
736 3530 778 3579 20.
799 3522 856 3579 εἰσί
871 3525 932 3594 Vb,
952 3542 1041 3594 comp.
1061 3527 1090 3582 F.
