2468 3952
129 175 196 236 414
522 175 705 226 ΑΡΡΕΝΒΙΧ
722 174 759 225 Π.

130 315 190 384 τὸν
215 322 284 383 ΚΛ
307 313 419 396 ἄξονα.
467 322 539 394 ίσος
568 315 607 398 δέ
628 313 719 381 ἐστιν
744 312 762 382 ὁ
786 313 848 400 μὲν
871 319 951 382 ΓΜ
969 315 1147 404 κύλινδρος

130 425 176 514 τῷ
197 429 259 489 ΕΒ
278 425 463 511 κυλίνδρῳ,
488 418 506 488 ὁ
526 420 564 488 δὲ
579 427 660 488 ΑΜ
673 418 764 500 ἄξων
782 423 828 512 τῷ
843 427 912 488 ΗΘ
930 419 1032 501 ἄξονί
1053 424 1148 491 ἐστιν.

132 533 223 595 ἔστιν
251 526 316 614 ἄρα
344 525 390 607 ῶς
413 525 431 596 ὁ
456 535 518 596 ΕΒ
546 527 726 613 κύλινδρος
753 524 837 615 πρὸς
862 526 924 596 τὸν
948 535 1016 595 ΖΔ
1038 527 1148 596 κύλιν-

132 638 227 719 δρον,
246 631 353 713 οὕτως
376 631 394 703 ό
418 641 486 702 ΗΘ
509 632 600 715 ἄξων
623 632 707 720 πρὸς
729 632 790 701 τὸν
808 640 874 701 ΚΛ
897 633 1013 715 ἄξονα.
1053 633 1098 716 ῶς
1116 635 1149 704 δὲ

87 821 91 829 Ι
132 737 149 807 ὁ
176 748 241 808 ΒΕ
268 740 449 827 κύλινδρος
475 740 558 828 πρὸς
584 739 644 808 τὸν
669 748 735 807 ΖΔ
761 738 962 826 κύλινδρον,
997 741 1107 821 οὕτως
1132 743 1147 810 ὁ

131 853 242 913 ΑΒΗ
264 851 373 926 κῶνος
399 847 484 935 πρὸς
510 847 571 915 τὸν
595 853 696 923 ΓΔΚ
716 851 837 915 κῶνον.
888 848 944 914 καὶ
974 845 1019 928 ῶς
1042 845 1147 935 ἄραό

132 959 200 1020 ΗΘ
231 953 321 1034 ἄξων
350 951 434 1040 πρὸς
460 952 521 1021 τόν
550 961 618 1022 ΚΑ
646 952 764 1037 ἄξονα,
798 951 905 1033 οὕτως
933 954 951 1022 ὕ
980 981 1016 1022 τε
1044 961 1152 1023 ΑΒΗ

132 1062 239 1138 κῶνος
270 1058 354 1146 πρὸς
383 1058 446 1126 τὸν
473 1065 577 1128 ΓΔΚ
607 1064 718 1128 κῶνον
750 1060 805 1127 καί
831 1058 850 1128 ό
879 1067 942 1127 ΕΒ
970 1060 1149 1148 κύλινδρος

132 1163 215 1250 πρὸς
237 1165 299 1231 τὸν
324 1172 385 1232 ΖΔ
407 1163 602 1252 κύλινδρον.
740 1167 743 1172 ’

81 1392 113 1439 14
203 1381 278 1444 Τῶν
307 1385 390 1446 ίσων
417 1377 537 1448 κῶνων
564 1380 618 1446 καί
648 1384 838 1464 κυλίνδρων
861 1377 1148 1448 ἀντιπεπόνθασιν

132 1485 169 1548 αί
195 1482 308 1567 βάσεις
334 1497 406 1563 τοῖς
432 1483 547 1571 ὕψεσι,
576 1486 632 1553 καὶ
661 1477 711 1554 ῶν
736 1485 856 1556 κῶνων
879 1486 936 1554 καὶ
959 1492 1149 1572 κυλίνδρων

132 1586 420 1659 ἀντιπεπόνθασιν
454 1595 491 1658 αί
520 1592 635 1678 βάσεις
664 1607 734 1672 τοῖς
760 1592 898 1677 ὕψεσιν,
931 1594 1057 1661 ἐκεῖνοι
1086 1602 1149 1662 ίσοι

132 1698 228 1763 είσίν.

200 1806 348 1870 ἔστωσαν
372 1812 440 1872 ίσοι
462 1809 567 1874 κῶνοι
589 1807 645 1872 καί
667 1805 858 1892 κύλινδροι,
883 1796 933 1871 ῶν
955 1804 1073 1890 βᾶσεις
1090 1805 1149 1892 μὲν

133 1910 168 1974 οί
189 1915 321 1976 ΑΒΓΔ
344 1909 475 1997 κύκλοι,
499 1910 616 1993 ἄξονες
639 1911 677 1979 δὲ
700 1914 735 1979 οί
756 1918 834 1996 ΕΖ,
857 1917 936 1978 ΗΘ.
977 1913 1076 1998 λέγω,
1100 1910 1149 1980 ότι

132 2018 200 2081 τῶν
214 2023 328 2102 ΑΒΖ,
344 2023 405 2084 ΓΔ
410 2024 439 2084 Θ
451 2017 571 2085 κῶνων
585 2019 640 2084 καὶ
654 2021 846 2107 κυλίνδρων
860 2013 1149 2086 ἀντιπεπόνθασιν

132 2123 170 2186 αί
191 2121 304 2206 βᾶσεις
327 2137 397 2202 τοῖς
419 2121 527 2208 ὕψεσι,
550 2126 722 2192 τουτέστιν
746 2121 792 2203 ῶς
814 2121 836 2209 ἡ
856 2131 920 2191 ΑΒ
944 2125 1045 2210 βάσις
1067 2122 1149 2211 πρὸς

132 2225 194 2311 τὴν
213 2233 275 2296 ΓΔ
297 2228 410 2314 βόσιν,
434 2228 540 2309 οὕτως
562 2226 600 2297 τό
620 2236 688 2296 ΗΘ
709 2228 798 2310 ὕψος
813 2228 897 2316 πρὸς
914 2229 953 2298 τὸ
974 2238 1038 2299 ΕΖ
1056 2230 1148 2312 ὕψος.

199 2333 238 2402 τὸ
265 2335 330 2421 γὰρ
354 2343 416 2403 ΕΖ
438 2334 526 2417 ὕψος
553 2346 598 2427 τῷ
622 2342 691 2404 ΗΘ
713 2334 791 2416 ὕψει
814 2335 890 2422 ἤτοι
914 2344 989 2404 ίσον
1015 2324 1107 2406 ἐστὶν
1129 2333 1148 2423 ἢ

133 2437 183 2506 οὕ.
230 2445 313 2508 ἔστω
340 2442 504 2530 πρότερον
533 2451 616 2512 ίσον.
664 2445 699 2509 οί
725 2443 763 2511 δὲ
789 2439 856 2511 ὑπὸ
884 2441 922 2510 τό
953 2441 1038 2511 αύτὸ
1065 2442 1150 2526 ὕψος

133 2543 227 2626 ἄντες
249 2550 354 2615 κῶνοι
376 2549 431 2614 καί
455 2549 631 2636 κύλινδροι
653 2546 737 2636 πρὸς
759 2546 925 2635 ἀλλήλους
944 2549 1032 2616 είσίν
1052 2549 1098 2630 ῶς
1116 2552 1151 2618 οιί

132 2652 255 2739 βᾶσεις.
306 2659 396 2721 ἔστιν
428 2654 493 2743 ἄρα
526 2653 571 2735 ῶς
603 2653 621 2724 ὁ
651 2662 750 2723 ΑΒΖ
782 2659 890 2734 κῶνος
921 2650 942 2740 ἢ
969 2655 1150 2744 κύλινδρος

133 2760 216 2845 πρὸς
247 2761 308 2829 τὸν
336 2767 432 2829 ΓΔΘ
461 2766 573 2830 κῶνον
606 2759 627 2847 ἢ
659 2761 859 2849 κύλινδρον,
894 2759 1001 2841 οὕτως
1033 2761 1054 2849 ἡ
1085 2771 1150 2831 ΑΒ

132 2866 229 2952 βᾶσις
259 2867 343 2954 πρὸς
375 2867 437 2954 τὴν
464 2874 527 2935 ΓΔ
559 2867 668 2953 βόσιν
720 2875 791 2946 ίσος
820 2867 859 2934 δέ
884 2870 975 2935 ἐστιν
1004 2867 1022 2937 ὁ
1053 2877 1151 2937 ΑΒΖ

132 2977 240 3055 κῶνος
263 2970 284 3065 ἢ
303 2975 483 3064 κύλινδρος
504 2980 550 3066 τῷ
573 2980 674 3041 ΚΛΘ
701 2973 798 3065 κῶνςο
822 2970 843 3059 ἢ
867 2978 1047 3066 κυλίνδρῳ.
1095 2984 1150 3062 ἴση

133 3079 198 3165 ἄρα
225 3082 280 3147 καί
307 3079 329 3167 ἡ
353 3090 418 3150 ΑΒ
446 3081 543 3168 βᾶσις
569 3093 610 3170 τῇ
634 3088 697 3150 ΓΔ
723 3081 828 3166 βάσει.
874 3085 942 3148 ἔστι
972 3081 1010 3149 δὲ
1033 3081 1149 3150 καὶτὸ

134 3195 195 3254 ΕΖ
228 3189 315 3268 ὕψος
341 3193 387 3280 τῷ
415 3196 483 3256 ΗΘ
510 3186 589 3270 ὕψει
619 3195 703 3255 ίσον.
754 3191 844 3254 ἔστιν
872 3185 938 3272 ἄρα
965 3185 1011 3267 ῶς
1038 3188 1060 3274 ἡ
1083 3196 1154 3256 ΑΕ

133 3293 230 3379 βάσις
252 3295 336 3381 πρὸς
358 3294 419 3382 τὴν
443 3301 505 3363 ΓΔ
528 3294 645 3381 βάσιν,
674 3292 779 3372 οὕτως
806 3291 843 3360 τὸ
867 3298 935 3360 ΗΘ
958 3292 1045 3374 ὕψος
1067 3294 1153 3383 πρὸς

133 3399 169 3467 τὸ
194 3408 256 3468 ΕΖ
280 3399 373 3484 ὕψος.
420 3401 464 3489 μὴ
488 3407 570 3470 ἔστω
595 3402 637 3489 δὴ
661 3401 737 3468 ίσον
758 3399 797 3468 τὸ
822 3407 890 3468 ΗΘ
912 3397 999 3482 ὕψος
1022 3405 1069 3492 τῷ
1089 3409 1152 3468 ΕΖ

133 3509 226 3594 ὕψει,
254 3506 328 3577 ἀλλ’
360 3515 442 3576 ἔστω
471 3515 583 3596 μεῖζον
609 3507 647 3575 τὸ
676 3514 759 3592 ΗΘ,
786 3507 842 3574 καὶ
869 3511 995 3574 κείσθω
1023 3507 1062 3575 τὸ
1088 3515 1152 3595 ΕΖ
