2468 3952
337 213 613 266 aramarroamr
625 216 735 266 amaa
752 217 814 269 ΧΠ,
1022 215 1086 279 175

67 353 226 439 pyramis,
245 355 335 420 cuius
350 355 438 421 basis
454 360 504 421 esi
518 362 551 421 A
560 361 622 421 ER
637 359 832 444 triangulus,
850 363 961 424 uertex
978 364 1086 424 autem

69 462 104 523 Γ
115 465 282 546 punctum,
301 463 413 527 eadem
428 467 478 527 est
493 485 530 527 aa
543 465 697 548 pyramis,
716 464 805 529 euius
820 464 908 530 basis
924 470 974 530 est
988 469 1090 531 ΕΒΓ

70 568 266 654 triangulus,
285 573 397 634 uertex
415 573 523 635 autem
543 575 577 633 A
594 575 763 654 punctum3
786 593 862 636 nam
882 571 997 636 iisdem
1015 574 1084 657 pla·

66 673 122 738 nis
147 675 361 742 eoniinentur.
393 698 492 760 quare
516 676 615 740 eiiam
638 676 791 762 pyramis,
814 677 905 741 euius
925 677 1015 742 basis
1035 683 1086 744 esi

523 786 628 847 ΑΒΔ
642 784 835 868 triangulus,
849 787 962 849 uertex
977 787 1084 849 autem

522 890 555 952 Γ
578 892 748 974 punctum,
777 890 921 974 aequalis
951 896 1001 955 esi
1025 913 1084 976 py-

247 801 266 848 Z

74 861 397 1333 ΒΐΒ
523 995 654 1079 ramidi,
682 997 771 1061 euius
800 996 888 1061 basis
913 1000 964 1061 esi
988 1000 1089 1062 ΕΒΓ

282 1007 370 1453 V
522 1101 722 1186 triangulus,
758 1107 871 1167 uertex
909 1106 1017 1167 autem
1051 1109 1084 1168 A

521 1211 686 1291 punctum.
708 1231 826 1273 rursus
842 1211 996 1293 quoniam
1010 1233 1083 1293 par·

275 1231 362 1470 i

522 1313 804 1398 allelogrammum
823 1320 873 1380 est
889 1318 1031 1400 ΖΓΒΕ,
1051 1320 1084 1380 ei

197 1343 336 1604 β
522 1420 698 1484 diametrus
727 1420 796 1485 eius
828 1424 879 1485 est
903 1424 975 1506 ΓΕ,
1021 1422 1084 1487 erit

199 1470 453 1613 Α
523 1528 771 1590 raz=ras
798 1526 840 1611 [1,
869 1528 937 1609 34].
984 1550 1083 1612 quare

172 1620 203 1675 Β
455 1619 476 1675 Α
523 1632 620 1696 eiiam
638 1633 793 1717 pyramis,
816 1634 906 1698 euius
925 1635 1014 1698 basis
1035 1638 1084 1699 esi

67 1739 168 1801 ΒΓΕ
178 1737 372 1822 triangulus,
390 1741 503 1802 uertex
518 1743 625 1804 autem
640 1744 673 1803 A
687 1743 852 1825 punctum,
871 1739 1016 1824 aequalis
1033 1743 1083 1804 esi

65 1843 239 1928 pyramidi,
253 1844 343 1909 cuius
357 1844 447 1908 basis
462 1847 512 1908 est
527 1848 558 1908 E
565 1846 624 1908 ΓΖ
638 1845 832 1929 triangulus,
849 1852 959 1911 uertex
973 1849 1082 1911 autem

67 1954 103 2014 A
115 1952 281 2033 punctum.
318 1951 611 2015 demonsirauimus
627 1954 745 2035 autem,
763 1952 973 2035 pyramidem,
992 1951 1082 2016 euius

66 2057 156 2147 basis
180 2057 223 2122 sit
246 2060 345 2122 ΒΓΕ
366 2057 548 2142 triangulus
554 2108 563 2142 ,
594 2060 706 2122 uertex
729 2060 837 2153 aptam
862 2064 895 2123 A
917 2062 1081 2142 punctum,

67 2164 235 2248 aequalem
264 2184 334 2228 esse
360 2163 532 2248 pyramidi,
561 2163 649 2228 euius
677 2164 765 2229 basis
794 2165 838 2229 sii
860 2168 960 2229 ΑΒΔ
982 2165 1082 2229 trian-

67 2269 174 2355 gulus,
192 2271 304 2335 uertex
323 2272 432 2333 autem
447 2270 654 2354 Ppuneium.
691 2292 791 2355 quara
810 2271 908 2335 etiam
927 2271 1082 2357 pyramis,

67 2376 157 2441 cuius
189 2376 277 2440 basis
312 2378 361 2440 est
392 2378 489 2440 ΓΕΖ
521 2376 720 2460 triangulus,
756 2379 869 2442 uertex
907 2380 1015 2442 autem
1049 2383 1082 2442 A

65 2486 232 2567 punctum,
255 2482 398 2566 aequalis
422 2484 473 2546 esi
495 2483 665 2566 pyramidi,
688 2484 778 2547 euius
801 2483 890 2548 basis
914 2486 964 2550 esi
982 2488 1083 2548 ΑΒΔ

66 2588 265 2672 triangulus,
297 2591 408 2653 uertex
442 2591 550 2653 audem
578 2591 611 2653 Γ
632 2593 797 2671 punctum.
848 2610 926 2675 ergo
958 2592 1082 2675 prisma

66 2698 267 2761 ΑΒΓΔΕΖ
299 2695 334 2758 in
365 2699 432 2760 ires
464 2695 650 2780 pyramides
683 2696 833 2780 aequales
864 2696 1004 2761 diuisum
1033 2700 1082 2761 est

65 2801 248 2885 triangulas
274 2801 366 2865 bases
389 2800 557 2866 habendes.

134 2911 168 2972 ei
182 2907 334 2991 quoniam
348 2907 502 2991 pyramis,
517 2907 605 2971 euius
620 2906 708 2971 basis
720 2908 769 2970 esi
778 2910 881 2971 ΑΒΔ
889 2907 1081 2991 triangulus

65 3017 179 3078 ueriex
198 3018 307 3078 autem
327 3015 359 3077 Γ
372 3015 536 3098 punctum,
561 3013 671 3077 eadem
691 3014 741 3076 est
760 3034 798 3077 ae
816 3013 972 3098 pyramis,
992 3012 1080 3078 euius

65 3120 155 3185 basis
179 3124 230 3184 esi
252 3123 346 3184 ΓΑΒ
369 3119 567 3204 triangulus,
595 3122 707 3184 uertex
735 3123 844 3184 autem
869 3124 902 3182 A
924 3124 1080 3203 punctum

66 3227 158 3313 (nam
185 3227 300 3292 iisdem
327 3226 434 3311 planis
463 3224 695 3313 eontinentur),
727 3226 929 3311 pyramidem
962 3229 1080 3309 autem,

138 3477 181 3529 24.
200 3466 251 3615 ad]
270 3471 370 3600 grim)
385 3471 438 3542 μὲν
453 3468 484 3527 τό
501 3432 533 3542 ᾳις
553 3470 606 3544 μέν
621 3478 680 3527 ἐστι
693 3470 724 3528 τό
739 3472 772 3527 V.
829 3473 914 3544 ΓΑΒ]
931 3489 946 3529 θ
961 3489 1031 3528 cort.
1046 3472 1078 3527 V.

139 3548 182 3599 ΒΘ.
201 3539 233 3597 τό
302 3543 328 3598 τὶ
346 3539 378 3598 τό
398 3544 440 3616 V„
