2468 3952
140 208 206 273 202
513 206 715 259 2601me
733 205 784 275 ιμ’.

139 349 238 442 κῶνῳ
262 353 441 437 πυραμίδα.
486 353 606 435 μείζων
625 346 663 415 δὲ
682 344 699 414 6
720 353 789 414 ΑΛ
806 351 914 426 κῶνος
932 350 991 432 τῆς
1009 347 1046 413 ἐν
1065 344 1158 435 αὐτῷ

140 461 339 544 πυραμίδος·
368 459 479 540 μεῖζον
506 451 572 539 ἄρα
598 452 654 520 καὶ
681 451 720 520 τὸ
744 455 775 530 Ξ
799 451 935 541 στερεὸν
963 455 1023 538 τῆς
1051 452 1087 518 ἐν
1111 455 1157 542 τῷ

141 570 215 631 ΕΝ
228 561 326 654 κῶνρ)
345 563 540 646 πυραμίδος.
573 557 658 627 ἀλλὰ
678 558 734 626 καί
749 564 904 627 ἔλασσον·
924 558 1006 646 ὅπερ
1021 557 1160 627 ἄτοπον.

141 665 203 737 ούκ
226 667 293 755 ἄρα
316 667 408 735 ἐστὶν
430 666 476 746 ῶς
499 663 668 734 ὁΑΒΓΔ
690 665 812 745 κύκλος
833 663 918 754 πρὸς
940 664 1001 732 τὸν
1020 671 1159 732 ΕΖΗΘ

104 773 276 860 οκύκλον,
300 771 407 851 οὕτως
430 769 447 840 6
467 779 536 839 ΑΛ
558 776 667 851 κῶνος
689 771 773 858 πρὸς
796 771 939 839 ἔλασσόν
957 795 990 839 τι
1008 774 1070 838 τοῦ
1089 777 1164 838 ΕΝ

139 882 253 949 κῶνου
281 877 426 968 στερεόν.
477 875 601 964 ὁμοίως
624 876 666 963 δὴ
691 878 853 964 δείξομεν,
882 878 934 945 ὅτι
962 878 1045 945 οὐδέ
1066 878 1158 944 ἐστιν

140 1014 185 1066 υς
208 984 222 1054 ἱ
247 990 383 1053 ΕΖΗΘ
404 982 527 1062 κύκλος
549 980 633 1068 πρὸς
655 981 715 1051 τὸν
734 988 868 1051 ΑΒΓΔ
890 983 1026 1069 κύκλον,
1051 983 1160 1063 οὕτως

142 1089 160 1160 6
181 1099 252 1159 EN
273 1094 382 1169 κῶνος
400 1087 483 1184 πρὸς
503 1087 646 1157 ἔλασσόν
663 1115 695 1156 τι
713 1092 775 1157 τοῦ
793 1096 862 1156 ΑΛ
880 1088 993 1156 κῶνου
1012 1090 1158 1179 στερεόν.

208 1197 304 1282 Λέγω
338 1196 397 1281 δή,
430 1195 482 1263 ὅτι
509 1191 592 1263 ούδέ
622 1197 712 1263 ἐστιν
745 1193 790 1274 ῶς
822 1193 840 1262 6
869 1201 1006 1263 ΑΒΓΔ
1036 1197 1160 1277 κύκλος

89 1323 122 1372 10
141 1301 225 1390 πρὸς
251 1300 312 1369 τὸν
336 1307 472 1368 ΕΖΗΘ
498 1303 637 1387 κύκλον,
667 1302 773 1382 οὕτως
801 1301 819 1370 6
845 1309 912 1369 ΑΔ
940 1304 1049 1381 κῶνος
1076 1301 1160 1391 πρὸς

141 1408 254 1495 μεῖζόν
276 1433 308 1475 τι
330 1410 393 1474 τοῦ
416 1414 489 1475 ΕΝ
507 1408 620 1476 κῶνον
643 1408 788 1492 στερεόν.

192 1519 253 1595 νΕί
270 1514 333 1600 γὰρ
353 1513 513 1598 δυνατόν,
533 1519 616 1582 ἔστω
635 1514 719 1601 πρὸς
738 1521 849 1601 μεῖζον
867 1512 905 1582 τὸ
925 1517 966 1592 Ξ·
989 1513 1159 1582 ἀνάπαλιν

141 1618 208 1707 ῶρα
231 1620 321 1687 ἐστίν
345 1616 390 1699 ῶς
413 1616 431 1686 6
457 1626 594 1687 ΕΖΗΘ
615 1621 737 1700 κύκλος
759 1619 844 1707 πρὸς
865 1620 926 1689 τὸν
945 1627 1079 1700 ΑΒΓΔ
1102 1620 1159 1688 κύ-

140 1735 234 1814 κλον,
259 1723 366 1805 οὕτως
387 1724 425 1793 τὸ
443 1728 473 1802 Ξ
494 1724 631 1812 στερεὸν
654 1724 738 1815 πρὸς
759 1728 821 1794 τὸν
840 1735 908 1795 ΑΛ
926 1730 1048 1795 κῶνον.
1082 1725 1157 1794 ἀλλ’

89 1851 122 1902 15
141 1832 186 1914 ῶς
208 1833 245 1902 τὸ
270 1835 300 1910 Ξ
321 1830 458 1917 στερεὸν
480 1832 564 1918 πρὸς
586 1831 648 1901 τὸν
671 1841 739 1901 ΑΛ
761 1837 887 1919 κῶνον,
916 1833 1023 1912 οὕτως
1046 1830 1065 1900 6
1090 1840 1165 1901 EN

90 1998 93 2002 .
140 1952 249 2020 κῶνος
276 1937 360 2028 πρὸς
382 1935 526 2005 ἔλασσόν
553 1964 586 2005 τι
608 1942 670 2006 τοῦ
691 1946 760 2007 ΑΛ
786 1939 900 2007 κῶνον
923 1939 1074 2025 στερεόν·
1103 1938 1160 2005 καὶ

141 2043 188 2126 ῶς
216 2044 282 2132 ἄρα
311 2042 329 2112 6
352 2050 489 2111 ΕΖΗΘ
515 2042 637 2124 κύκλος
664 2044 749 2134 πρὸς
775 2045 835 2114 τὸν
858 2051 994 2114 ΑΒΓΔ
1021 2045 1159 2132 κύκλον,

142 2151 247 2230 οὕτως
270 2149 288 2218 6
313 2156 386 2217 EN
403 2154 512 2230 κῶνος
539 2149 623 2237 πρὸς
649 2152 792 2222 ἔλασσόν
814 2178 846 2219 τι
869 2155 931 2219 τοί
955 2159 1023 2219 ΑΛ
1045 2152 1160 2219 κῶνον

141 2256 292 2344 στερεόν·
320 2256 402 2344 ὅπερ
428 2255 600 2326 ἀδύνατον
628 2260 774 2345 ἐδείχθη.
825 2256 886 2327 οὐκ
910 2253 976 2344 ῶρα
999 2257 1090 2326 ἐστὶν
1115 2254 1160 2337 ῶς

89 2383 123 2432 20
143 2361 161 2432 6
186 2370 321 2431 ΑΒΓΔ
343 2364 463 2442 κύκλος
486 2362 569 2448 πρὸς
592 2367 652 2432 τὸν
676 2371 814 2432 ΕΖΗΘ
836 2365 977 2449 κύκλον,
1009 2361 1116 2442 οὕτως
1140 2359 1158 2430 6

61 2470 66 2491 ¹
141 2477 211 2537 ΑΛ
238 2473 347 2548 κῶνος
376 2466 460 2555 πρὸς
487 2471 600 2556 μεῖζόν
626 2497 658 2538 τι
685 2475 747 2539 τοῦ
775 2478 849 2539 ΕΝ
870 2470 984 2539 κῶνον
1014 2467 1160 2554 στερεόν.

142 2578 278 2663 ἐδείχθη
308 2575 360 2660 δέ,
389 2573 440 2642 ὅτι
464 2572 545 2643 οὐδὲ
571 2575 655 2662 πρὸς
682 2582 837 2646 ἔλασσον·
866 2582 957 2645 ἔστιν
980 2575 1046 2662 ῶρα
1070 2573 1116 2655 ῶς
1140 2573 1158 2644 6

142 2688 275 2750 ΑΒΓΔ
306 2680 428 2760 κύκλος
459 2680 542 2770 πρὸς
572 2680 635 2750 τὸν
663 2689 797 2750 ΕΖΗΘ
828 2682 969 2767 κύκλον,
1003 2680 1110 2762 οὕτως
1141 2681 1159 2750 6

141 2796 206 2856 ΑΛ
228 2790 337 2867 κῶνος
360 2787 443 2872 πρὸς
465 2787 526 2857 τὸν
549 2794 623 2856 ΕΝ
641 2792 762 2857 κῶνον.

88 2913 124 2964 25
206 2891 293 2962 Ἀλλ’
324 2891 368 2974 ῶς
396 2891 415 2962 6
442 2898 551 2974 κῶνος
578 2893 662 2983 πρὸς
689 2893 749 2963 τὸν
776 2897 904 2981 κῶνον,
932 2893 951 2962 6
979 2893 1160 2980 κύλινδρος

141 2999 225 3090 πρὸς
255 3000 315 3070 τὸν
348 3004 545 3091 κύλινδρον·
576 3006 780 3089 τριπλασίων
812 2999 877 3089 γὰρ
906 3000 1059 3085 ἑκάτερος
1086 3002 1159 3068 ἑκα-

141 3109 249 3193 τέρου.
291 3109 344 3176 καὶ
371 3107 415 3190 ῶς
438 3108 504 3198 ἄρα
523 3106 541 3176 6
561 3113 696 3176 ΑΒΓΔ
714 3106 835 3188 κύκλος
853 3104 937 3193 πρὸς
954 3105 1015 3174 τὸν
1036 3114 1159 3175 ΕΖΗΘ

142 3215 281 3301 κύκλον,
315 3213 422 3296 οὕτως
451 3219 486 3283 οί
511 3214 560 3284 ἐπ’
592 3211 704 3284 αὐτῶν
732 3217 883 3295 ίσοῶψείς
913 3219 996 3298 [τοῖς
1022 3214 1158 3299 κῶνοις]

141 3318 327 3405 κύλινδροι.

215 3469 238 3518 1.
259 3458 351 3536 ἑαυτῷ
369 3463 399 3518 P.
465 3468 491 3517 4.
511 3458 598 3534 ἐστίν]
620 3480 674 3518 om.
692 3464 726 3518 V.
791 3469 816 3520 6.
836 3459 905 3519 οὐδέ
924 3459 1000 3519 ἐστιν
1020 3451 1069 3535 ῶς]
1091 3458 1156 3519 οὐδ’

144 3526 160 3586 6
178 3531 213 3600 V,
231 3527 295 3587 οὐδ’
316 3529 388 3596 ῶςὸ
408 3551 444 3588 m.
459 3539 484 3600 λς
509 3529 576 3589 οὐδὲ
596 3529 634 3596 ῶς
652 3529 727 3589 ἐστιν
747 3554 774 3604 q.
853 3541 895 3590 13.
913 3531 1032 3606 κύκλον]
1051 3539 1106 3590 '0m.
1126 3534 1159 3589 B.
