<?xml version="1.0" encoding="UTF-8"?>
<!DOCTYPE html PUBLIC "-//W3C//DTD XHTML 1.0 Transitional//EN"
    "http://www.w3.org/TR/xhtml1/DTD/xhtml1-transitional.dtd">
<html xmlns="http://www.w3.org/1999/xhtml" xml:lang="en" lang="en">
 <head>
  <title>
</title>
<meta http-equiv="Content-Type" content="text/html;charset=utf-8" />
  <meta name='ocr-system' content='tesseract 3.04.00' />
  <meta name='ocr-capabilities' content='ocr_page ocr_carea ocr_par ocr_line ocrx_word'/>
</head>
<body>
  <div class='ocr_page' id='page_1' title='image "./euclidisoperaom00unkngoog_0193.png"; bbox 0 0 2468 3952; ppageno 0'>
   <div class='ocr_carea' id='block_1_1' title="bbox 156 206 791 280">
    <p class='ocr_par' dir='ltr' id='par_1_1' title="bbox 156 206 791 280">
     <span class='ocr_line' id='line_1_1' title="bbox 156 206 791 280; baseline -0.011 -8"><span class='ocrx_word' id='word_1_1' title='bbox 156 210 220 274; x_wconf 79' lang='lat'><strong><em>178</em></strong></span> <span class='ocrx_word' id='word_1_2' title='bbox 520 211 722 265; x_wconf 71' lang='grc' dir='ltr'><strong><em>Σνουεειιεα</em></strong></span> <span class='ocrx_word' id='word_1_3' title='bbox 741 206 791 280; x_wconf 78' lang='grc' dir='ltr'><strong><em>ιβ’.</em></strong></span> 
     </span>
    </p>
   </div>
   <div class='ocr_carea' id='block_1_2' title="bbox 89 351 1227 3314">
    <p class='ocr_par' dir='ltr' id='par_1_2' title="bbox 152 351 1227 762">
     <span class='ocr_line' id='line_1_2' title="bbox 221 351 1176 440; baseline 0.004 -22"><span class='ocrx_word' id='word_1_4' title='bbox 221 351 531 438; x_wconf 80' lang='grc' dir='ltr'><strong><em>Συμπεπληρώσθω</em></strong></span> <span class='ocrx_word' id='word_1_5' title='bbox 554 351 620 438; x_wconf 82' lang='grc' dir='ltr'><strong><em>γὰρ</em></strong></span> <span class='ocrx_word' id='word_1_6' title='bbox 643 351 683 418; x_wconf 80' lang='grc' dir='ltr'><strong><em>τὰ</em></strong></span> <span class='ocrx_word' id='word_1_7' title='bbox 705 358 870 439; x_wconf 85' lang='grc' dir='ltr'><em>ΒΗΜΛ,</em></span> <span class='ocrx_word' id='word_1_8' title='bbox 894 359 1031 420; x_wconf 85' lang='grc' dir='ltr'><em>ΕΘΠΟ</em></span> <span class='ocrx_word' id='word_1_9' title='bbox 1055 373 1176 440; x_wconf 86' lang='grc' dir='ltr'><strong><em>στερεα</em></strong></span> 
     </span>
     <span class='ocr_line' id='line_1_3' title="bbox 153 456 1227 546; baseline -0.003 -21"><span class='ocrx_word' id='word_1_10' title='bbox 153 462 473 544; x_wconf 87' lang='grc' dir='ltr'><strong><em>παραλληλεπίπεδα.</em></strong></span> <span class='ocrx_word' id='word_1_11' title='bbox 526 459 582 526; x_wconf 82' lang='grc' dir='ltr'><strong><em>καὶ</em></strong></span> <span class='ocrx_word' id='word_1_12' title='bbox 615 459 684 526; x_wconf 79' lang='grc' dir='ltr'><strong><em>ἐπεὶ</em></strong></span> <span class='ocrx_word' id='word_1_13' title='bbox 717 456 817 544; x_wconf 89' lang='grc' dir='ltr'><strong><em>ὁμοία</em></strong></span> <span class='ocrx_word' id='word_1_14' title='bbox 849 458 940 526; x_wconf 77' lang='grc' dir='ltr'><strong><em>ἐστὶν</em></strong></span> <span class='ocrx_word' id='word_1_15' title='bbox 973 456 993 546; x_wconf 80' lang='grc' dir='ltr'><em>ἡ</em></span> <span class='ocrx_word' id='word_1_16' title='bbox 1028 466 1180 528; x_wconf 87' lang='grc' dir='ltr'><em>ΑΒΓΗ</em></span> <span class='ocrx_word' id='word_1_17' title='bbox 1223 514 1227 522; x_wconf 93' lang='grc'><strong>.</strong></span> 
     </span>
     <span class='ocr_line' id='line_1_4' title="bbox 153 563 1173 654; baseline 0.004 -23"><span class='ocrx_word' id='word_1_18' title='bbox 153 565 298 651; x_wconf 80' lang='grc' dir='ltr'><strong><em>πυραμὶς</em></strong></span> <span class='ocrx_word' id='word_1_19' title='bbox 324 568 363 654; x_wconf 78' lang='grc' dir='ltr'><strong><em>τῇ</em></strong></span> <span class='ocrx_word' id='word_1_20' title='bbox 393 572 529 633; x_wconf 90' lang='grc' dir='ltr'><em>ΔΕΖΘ</em></span> <span class='ocrx_word' id='word_1_21' title='bbox 555 568 733 651; x_wconf 76' lang='grc' dir='ltr'><strong><em>πυραμίδι,</em></strong></span> <span class='ocrx_word' id='word_1_22' title='bbox 761 572 816 650; x_wconf 78' lang='grc' dir='ltr'><strong><em>ἴση</em></strong></span> <span class='ocrx_word' id='word_1_23' title='bbox 846 563 911 653; x_wconf 87' lang='grc' dir='ltr'><strong><em>ίίρα</em></strong></span> <span class='ocrx_word' id='word_1_24' title='bbox 940 566 1031 634; x_wconf 78' lang='grc' dir='ltr'><strong><em>ἐστὶν</em></strong></span> <span class='ocrx_word' id='word_1_25' title='bbox 1060 564 1080 653; x_wconf 84' lang='grc' dir='ltr'><em>ἡ</em></span> <span class='ocrx_word' id='word_1_26' title='bbox 1110 567 1173 654; x_wconf 74' lang='grc' dir='ltr'><strong><em>μὲν</em></strong></span> 
     </span>
     <span class='ocr_line' id='line_1_5' title="bbox 152 668 1176 762; baseline 0.002 -23"><span class='ocrx_word' id='word_1_27' title='bbox 152 668 217 740; x_wconf 83' lang='grc' dir='ltr'><strong><em>ὑπὸ</em></strong></span> <span class='ocrx_word' id='word_1_28' title='bbox 233 677 336 739; x_wconf 88' lang='grc' dir='ltr'><strong><em>ΑΒΓ</em></strong></span> <span class='ocrx_word' id='word_1_29' title='bbox 349 678 456 758; x_wconf 87' lang='grc' dir='ltr'><strong><em>γωνία</em></strong></span> <span class='ocrx_word' id='word_1_30' title='bbox 474 675 513 761; x_wconf 79' lang='grc' dir='ltr'><strong><em>τῇ</em></strong></span> <span class='ocrx_word' id='word_1_31' title='bbox 532 670 597 740; x_wconf 88' lang='grc' dir='ltr'><strong><em>ὑπὸ</em></strong></span> <span class='ocrx_word' id='word_1_32' title='bbox 619 680 653 738; x_wconf 86' lang='grc' dir='ltr'><em>Α</em></span> <span class='ocrx_word' id='word_1_33' title='bbox 661 679 723 739; x_wconf 92' lang='grc' dir='ltr'><strong><em>ΕΖ</em></strong></span> <span class='ocrx_word' id='word_1_34' title='bbox 742 676 860 762; x_wconf 82' lang='grc' dir='ltr'><em>γωνίᾳ,</em></span> <span class='ocrx_word' id='word_1_35' title='bbox 883 669 904 759; x_wconf 78' lang='grc' dir='ltr'><em>ἡ</em></span> <span class='ocrx_word' id='word_1_36' title='bbox 924 671 962 740; x_wconf 75' lang='grc' dir='ltr'><strong><em>δὲ</em></strong></span> <span class='ocrx_word' id='word_1_37' title='bbox 980 670 1046 740; x_wconf 85' lang='grc' dir='ltr'><strong><em>ὑπὸ</em></strong></span> <span class='ocrx_word' id='word_1_38' title='bbox 1065 679 1176 741; x_wconf 89' lang='grc' dir='ltr'><strong><em>ΗΒΓ</em></strong></span> 
     </span>
    </p>

    <p class='ocr_par' dir='ltr' id='par_1_3' title="bbox 89 774 1219 3314">
     <span class='ocr_line' id='line_1_6' title="bbox 116 774 1176 867; baseline 0.002 -21"><span class='ocrx_word' id='word_1_39' title='bbox 116 781 191 867; x_wconf 74' lang='grc' dir='ltr'><strong><em>στῇ</em></strong></span> <span class='ocrx_word' id='word_1_40' title='bbox 219 774 285 846; x_wconf 82' lang='grc' dir='ltr'><strong><em>ὑπὸ</em></strong></span> <span class='ocrx_word' id='word_1_41' title='bbox 313 786 427 864; x_wconf 88' lang='grc' dir='ltr'><em>ΘΕΖ,</em></span> <span class='ocrx_word' id='word_1_42' title='bbox 455 777 475 866; x_wconf 83' lang='grc' dir='ltr'><em>ἡ</em></span> <span class='ocrx_word' id='word_1_43' title='bbox 505 779 542 847; x_wconf 73' lang='grc' dir='ltr'><strong><em>δὲ</em></strong></span> <span class='ocrx_word' id='word_1_44' title='bbox 569 776 635 846; x_wconf 81' lang='grc' dir='ltr'><strong><em>δπδ</em></strong></span> <span class='ocrx_word' id='word_1_45' title='bbox 664 784 773 846; x_wconf 89' lang='grc' dir='ltr'><strong><em>ΑΒΗ</em></strong></span> <span class='ocrx_word' id='word_1_46' title='bbox 796 783 836 867; x_wconf 75' lang='grc' dir='ltr'><strong><em>τῇ</em></strong></span> <span class='ocrx_word' id='word_1_47' title='bbox 866 777 933 847; x_wconf 84' lang='grc' dir='ltr'><strong><em>ὑπὸ</em></strong></span> <span class='ocrx_word' id='word_1_48' title='bbox 962 787 1081 865; x_wconf 87' lang='grc' dir='ltr'><em>ΛΕΘ,</em></span> <span class='ocrx_word' id='word_1_49' title='bbox 1114 786 1176 848; x_wconf 86' lang='grc' dir='ltr'><strong><em>καί</em></strong></span> 
     </span>
     <span class='ocr_line' id='line_1_7' title="bbox 152 882 1172 973; baseline 0.001 -21"><span class='ocrx_word' id='word_1_50' title='bbox 152 887 241 953; x_wconf 81' lang='grc' dir='ltr'><strong><em>ἐστιν</em></strong></span> <span class='ocrx_word' id='word_1_51' title='bbox 266 883 311 964; x_wconf 78' lang='grc' dir='ltr'><strong><em>ὡς</em></strong></span> <span class='ocrx_word' id='word_1_52' title='bbox 333 883 354 971; x_wconf 80' lang='grc' dir='ltr'><em>ἡ</em></span> <span class='ocrx_word' id='word_1_53' title='bbox 378 892 439 952; x_wconf 88' lang='grc' dir='ltr'><strong><em>ΑΒ</em></strong></span> <span class='ocrx_word' id='word_1_54' title='bbox 459 883 542 973; x_wconf 88' lang='grc' dir='ltr'><strong><em>πρὸς</em></strong></span> <span class='ocrx_word' id='word_1_55' title='bbox 560 882 622 971; x_wconf 83' lang='grc' dir='ltr'><strong><em>τὴν</em></strong></span> <span class='ocrx_word' id='word_1_56' title='bbox 643 893 725 970; x_wconf 91' lang='grc' dir='ltr'><strong><em>ΔΕ,</em></strong></span> <span class='ocrx_word' id='word_1_57' title='bbox 750 884 856 965; x_wconf 77' lang='grc' dir='ltr'><strong><em>οὕτως</em></strong></span> <span class='ocrx_word' id='word_1_58' title='bbox 879 883 899 973; x_wconf 83' lang='grc' dir='ltr'><em>ἡ</em></span> <span class='ocrx_word' id='word_1_59' title='bbox 919 891 987 953; x_wconf 94' lang='grc' dir='ltr'><strong><em>ΒΓ</em></strong></span> <span class='ocrx_word' id='word_1_60' title='bbox 1004 885 1089 972; x_wconf 91' lang='grc' dir='ltr'><strong><em>πρὸς</em></strong></span> <span class='ocrx_word' id='word_1_61' title='bbox 1107 884 1172 972; x_wconf 81' lang='grc' dir='ltr'><strong><em>τὴν</em></strong></span> 
     </span>
     <span class='ocr_line' id='line_1_8' title="bbox 152 988 1171 1079; baseline 0.002 -21"><span class='ocrx_word' id='word_1_62' title='bbox 152 999 228 1078; x_wconf 87' lang='grc' dir='ltr'><strong><em>ΕΖ,</em></strong></span> <span class='ocrx_word' id='word_1_63' title='bbox 256 992 312 1059; x_wconf 87' lang='grc' dir='ltr'><strong><em>ιιαλ</em></strong></span> <span class='ocrx_word' id='word_1_64' title='bbox 338 990 452 1076; x_wconf 82' lang='grc' dir='ltr'><em>ἡΒΗ</em></span> <span class='ocrx_word' id='word_1_65' title='bbox 476 992 559 1078; x_wconf 87' lang='grc' dir='ltr'><strong><em>πρὸς</em></strong></span> <span class='ocrx_word' id='word_1_66' title='bbox 588 989 650 1077; x_wconf 78' lang='grc' dir='ltr'><strong><em>τὴν</em></strong></span> <span class='ocrx_word' id='word_1_67' title='bbox 674 998 744 1059; x_wconf 90' lang='grc' dir='ltr'><strong><em>ΕΘ.</em></strong></span> <span class='ocrx_word' id='word_1_68' title='bbox 790 992 846 1058; x_wconf 80' lang='grc' dir='ltr'><strong><em>καὶ</em></strong></span> <span class='ocrx_word' id='word_1_69' title='bbox 870 993 944 1059; x_wconf 78' lang='grc' dir='ltr'><strong><em>ἐπεί</em></strong></span> <span class='ocrx_word' id='word_1_70' title='bbox 963 993 1054 1059; x_wconf 77' lang='grc' dir='ltr'><strong><em>ἐστιν</em></strong></span> <span class='ocrx_word' id='word_1_71' title='bbox 1079 988 1171 1079; x_wconf 79' lang='grc' dir='ltr'><strong><em>δςὴ</em></strong></span> 
     </span>
     <span class='ocr_line' id='line_1_9' title="bbox 151 1095 1170 1185; baseline 0 -20"><span class='ocrx_word' id='word_1_72' title='bbox 151 1106 215 1166; x_wconf 92' lang='grc' dir='ltr'><strong><em>ΑΒ</em></strong></span> <span class='ocrx_word' id='word_1_73' title='bbox 239 1097 323 1184; x_wconf 88' lang='grc' dir='ltr'><strong><em>πρὸς</em></strong></span> <span class='ocrx_word' id='word_1_74' title='bbox 346 1096 409 1184; x_wconf 77' lang='grc' dir='ltr'><strong><em>τὴν</em></strong></span> <span class='ocrx_word' id='word_1_75' title='bbox 433 1104 518 1183; x_wconf 87' lang='grc' dir='ltr'><strong><em>ΛΕ,</em></strong></span> <span class='ocrx_word' id='word_1_76' title='bbox 547 1096 654 1179; x_wconf 80' lang='grc' dir='ltr'><strong><em>οὕτως</em></strong></span> <span class='ocrx_word' id='word_1_77' title='bbox 681 1095 701 1185; x_wconf 80' lang='grc' dir='ltr'><em>ἡ</em></span> <span class='ocrx_word' id='word_1_78' title='bbox 726 1103 793 1165; x_wconf 92' lang='grc' dir='ltr'><strong><em>ΒΓ</em></strong></span> <span class='ocrx_word' id='word_1_79' title='bbox 812 1096 895 1184; x_wconf 86' lang='grc' dir='ltr'><strong><em>πρὸς</em></strong></span> <span class='ocrx_word' id='word_1_80' title='bbox 917 1096 981 1184; x_wconf 79' lang='grc' dir='ltr'><strong><em>τὴν</em></strong></span> <span class='ocrx_word' id='word_1_81' title='bbox 1004 1104 1082 1182; x_wconf 90' lang='grc' dir='ltr'><strong><em>ΕΖ,</em></strong></span> <span class='ocrx_word' id='word_1_82' title='bbox 1112 1097 1170 1165; x_wconf 82' lang='grc' dir='ltr'><strong><em>καλ</em></strong></span> 
     </span>
     <span class='ocr_line' id='line_1_10' title="bbox 150 1202 1171 1292; baseline 0.001 -20"><span class='ocrx_word' id='word_1_83' title='bbox 150 1205 225 1290; x_wconf 82' lang='grc' dir='ltr'><strong><em>περὶ</em></strong></span> <span class='ocrx_word' id='word_1_84' title='bbox 254 1213 328 1284; x_wconf 88' lang='grc' dir='ltr'><strong><em>ίσας</em></strong></span> <span class='ocrx_word' id='word_1_85' title='bbox 354 1208 479 1292; x_wconf 79' lang='grc' dir='ltr'><strong><em>γωνίας</em></strong></span> <span class='ocrx_word' id='word_1_86' title='bbox 502 1207 539 1271; x_wconf 84' lang='grc' dir='ltr'><strong><em>αί</em></strong></span> <span class='ocrx_word' id='word_1_87' title='bbox 559 1205 699 1291; x_wconf 82' lang='grc' dir='ltr'><strong><em>πλευραὶ</em></strong></span> <span class='ocrx_word' id='word_1_88' title='bbox 721 1202 894 1291; x_wconf 73' lang='grc' dir='ltr'><strong><em>ἀνάλογόν</em></strong></span> <span class='ocrx_word' id='word_1_89' title='bbox 916 1209 1018 1290; x_wconf 81' lang='grc' dir='ltr'><strong><em>εἰσιν,</em></strong></span> <span class='ocrx_word' id='word_1_90' title='bbox 1046 1203 1171 1292; x_wconf 79' lang='grc' dir='ltr'><strong><em>ὅμοιον</em></strong></span> 
     </span>
     <span class='ocr_line' id='line_1_11' title="bbox 97 1309 1168 1403; baseline 0.001 -27"><span class='ocrx_word' id='word_1_91' title='bbox 97 1329 131 1378; x_wconf 84' lang='grc'><strong><em>10</em></strong></span> <span class='ocrx_word' id='word_1_92' title='bbox 150 1309 216 1398; x_wconf 90' lang='grc' dir='ltr'><strong><em>ίίρα</em></strong></span> <span class='ocrx_word' id='word_1_93' title='bbox 244 1312 312 1379; x_wconf 77' lang='grc' dir='ltr'><strong><em>ἐστὶ</em></strong></span> <span class='ocrx_word' id='word_1_94' title='bbox 339 1311 378 1379; x_wconf 84' lang='grc' dir='ltr'><strong><em>τὸ</em></strong></span> <span class='ocrx_word' id='word_1_95' title='bbox 403 1318 480 1378; x_wconf 88' lang='grc' dir='ltr'><strong><em>ΒΜ</em></strong></span> <span class='ocrx_word' id='word_1_96' title='bbox 503 1310 852 1400; x_wconf 80' lang='grc' dir='ltr'><strong><em>παραλληλόγραμμον</em></strong></span> <span class='ocrx_word' id='word_1_97' title='bbox 879 1314 925 1403; x_wconf 75' lang='grc' dir='ltr'><strong><em>τῷ</em></strong></span> <span class='ocrx_word' id='word_1_98' title='bbox 950 1319 1023 1380; x_wconf 88' lang='grc' dir='ltr'><strong><em>ΕΠ</em></strong></span> <span class='ocrx_word' id='word_1_99' title='bbox 1041 1319 1168 1397; x_wconf 88' lang='grc' dir='ltr'><strong><em>παραλ-</em></strong></span> 
     </span>
     <span class='ocr_line' id='line_1_12' title="bbox 150 1415 1167 1510; baseline 0.003 -27"><span class='ocrx_word' id='word_1_100' title='bbox 150 1416 382 1509; x_wconf 74' lang='grc' dir='ltr'><strong><em>ληλογράμμῳ.</em></strong></span> <span class='ocrx_word' id='word_1_101' title='bbox 434 1417 490 1485; x_wconf 84' lang='grc' dir='ltr'><strong><em>διὰ</em></strong></span> <span class='ocrx_word' id='word_1_102' title='bbox 519 1421 559 1486; x_wconf 88' lang='grc' dir='ltr'><strong><em>ιδι</em></strong></span> <span class='ocrx_word' id='word_1_103' title='bbox 591 1415 673 1486; x_wconf 78' lang='grc' dir='ltr'><strong><em>αὐτὰ</em></strong></span> <span class='ocrx_word' id='word_1_104' title='bbox 705 1415 747 1504; x_wconf 79' lang='grc' dir='ltr'><strong><em>δὴ</em></strong></span> <span class='ocrx_word' id='word_1_105' title='bbox 779 1419 835 1486; x_wconf 82' lang='grc' dir='ltr'><strong><em>καὶ</em></strong></span> <span class='ocrx_word' id='word_1_106' title='bbox 867 1416 904 1486; x_wconf 90' lang='grc' dir='ltr'><strong><em>τὸ</em></strong></span> <span class='ocrx_word' id='word_1_107' title='bbox 933 1417 995 1504; x_wconf 69' lang='grc' dir='ltr'><strong><em>μὲν</em></strong></span> <span class='ocrx_word' id='word_1_108' title='bbox 1023 1424 1097 1485; x_wconf 91' lang='grc' dir='ltr'><strong><em>ΒΝ</em></strong></span> <span class='ocrx_word' id='word_1_109' title='bbox 1120 1422 1167 1510; x_wconf 75' lang='grc' dir='ltr'><strong><em>τῷ</em></strong></span> 
     </span>
     <span class='ocr_line' id='line_1_13' title="bbox 151 1520 1166 1614; baseline 0.002 -24"><span class='ocrx_word' id='word_1_110' title='bbox 151 1530 214 1590; x_wconf 91' lang='grc' dir='ltr'><strong><em>ΕΡ</em></strong></span> <span class='ocrx_word' id='word_1_111' title='bbox 241 1520 362 1609; x_wconf 83' lang='grc' dir='ltr'><strong><em>ὅμοιόν</em></strong></span> <span class='ocrx_word' id='word_1_112' title='bbox 384 1525 468 1608; x_wconf 81' lang='grc' dir='ltr'><strong><em>ἐστι,</em></strong></span> <span class='ocrx_word' id='word_1_113' title='bbox 497 1521 534 1591; x_wconf 85' lang='grc' dir='ltr'><strong><em>τὸ</em></strong></span> <span class='ocrx_word' id='word_1_114' title='bbox 560 1523 597 1591; x_wconf 73' lang='grc' dir='ltr'><strong><em>δὲ</em></strong></span> <span class='ocrx_word' id='word_1_115' title='bbox 623 1530 690 1591; x_wconf 93' lang='grc' dir='ltr'><strong><em>ΒΚ</em></strong></span> <span class='ocrx_word' id='word_1_116' title='bbox 709 1527 755 1614; x_wconf 78' lang='grc' dir='ltr'><strong><em>τῷ</em></strong></span> <span class='ocrx_word' id='word_1_117' title='bbox 771 1526 844 1600; x_wconf 79' lang='grc' dir='ltr'><strong><em>ΕΞ·</em></strong></span> <span class='ocrx_word' id='word_1_118' title='bbox 873 1522 913 1591; x_wconf 87' lang='grc' dir='ltr'><strong><em>τδι</em></strong></span> <span class='ocrx_word' id='word_1_119' title='bbox 936 1527 1012 1609; x_wconf 87' lang='grc' dir='ltr'><strong><em>τρία</em></strong></span> <span class='ocrx_word' id='word_1_120' title='bbox 1034 1522 1103 1612; x_wconf 84' lang='grc' dir='ltr'><strong><em>ίίρα</em></strong></span> <span class='ocrx_word' id='word_1_121' title='bbox 1125 1523 1166 1593; x_wconf 80' lang='grc' dir='ltr'><strong><em>τὰ</em></strong></span> 
     </span>
     <span class='ocr_line' id='line_1_14' title="bbox 149 1628 1168 1717; baseline 0.003 -21"><span class='ocrx_word' id='word_1_122' title='bbox 149 1636 237 1714; x_wconf 88' lang='grc' dir='ltr'><strong><em>ΜΒ,</em></strong></span> <span class='ocrx_word' id='word_1_123' title='bbox 261 1636 344 1714; x_wconf 90' lang='grc' dir='ltr'><strong><em>ΒΚ,</em></strong></span> <span class='ocrx_word' id='word_1_124' title='bbox 368 1636 440 1697; x_wconf 89' lang='grc' dir='ltr'><strong><em>ΒΝ</em></strong></span> <span class='ocrx_word' id='word_1_125' title='bbox 458 1630 546 1715; x_wconf 79' lang='grc' dir='ltr'><strong><em>τρισὶ</em></strong></span> <span class='ocrx_word' id='word_1_126' title='bbox 565 1642 636 1709; x_wconf 84' lang='grc' dir='ltr'><strong><em>τοῖς</em></strong></span> <span class='ocrx_word' id='word_1_127' title='bbox 654 1637 737 1713; x_wconf 91' lang='grc' dir='ltr'><strong><em>ΕΠ,</em></strong></span> <span class='ocrx_word' id='word_1_128' title='bbox 762 1632 839 1715; x_wconf 76' lang='grc' dir='ltr'><strong><em>ΕΞ,</em></strong></span> <span class='ocrx_word' id='word_1_129' title='bbox 864 1636 929 1696; x_wconf 89' lang='grc' dir='ltr'><strong><em>ΕΡ</em></strong></span> <span class='ocrx_word' id='word_1_130' title='bbox 944 1628 1044 1717; x_wconf 83' lang='grc' dir='ltr'><strong><em>ὅμοιοί</em></strong></span> <span class='ocrx_word' id='word_1_131' title='bbox 1065 1632 1168 1700; x_wconf 76' lang='grc' dir='ltr'><strong><em>ἐστιν.</em></strong></span> 
     </span>
     <span class='ocr_line' id='line_1_15' title="bbox 148 1733 1219 1821; baseline 0.002 -18"><span class='ocrx_word' id='word_1_132' title='bbox 148 1733 231 1803; x_wconf 85' lang='grc' dir='ltr'><strong><em>ιἰλλδι</em></strong></span> <span class='ocrx_word' id='word_1_133' title='bbox 250 1733 290 1801; x_wconf 82' lang='grc' dir='ltr'><strong><em>τὰ</em></strong></span> <span class='ocrx_word' id='word_1_134' title='bbox 310 1734 371 1821; x_wconf 69' lang='grc' dir='ltr'><strong><em>μὲν</em></strong></span> <span class='ocrx_word' id='word_1_135' title='bbox 389 1740 465 1819; x_wconf 88' lang='grc' dir='ltr'><strong><em>τρία</em></strong></span> <span class='ocrx_word' id='word_1_136' title='bbox 483 1733 523 1800; x_wconf 84' lang='grc' dir='ltr'><strong><em>τὰ</em></strong></span> <span class='ocrx_word' id='word_1_137' title='bbox 538 1741 627 1819; x_wconf 93' lang='grc' dir='ltr'><strong><em>ΜΒ,</em></strong></span> <span class='ocrx_word' id='word_1_138' title='bbox 647 1739 730 1819; x_wconf 95' lang='grc' dir='ltr'><strong><em>ΒΚ,</em></strong></span> <span class='ocrx_word' id='word_1_139' title='bbox 749 1741 822 1802; x_wconf 93' lang='grc' dir='ltr'><strong><em>ΒΝ</em></strong></span> <span class='ocrx_word' id='word_1_140' title='bbox 836 1735 924 1820; x_wconf 77' lang='grc' dir='ltr'><strong><em>τρισὶ</em></strong></span> <span class='ocrx_word' id='word_1_141' title='bbox 937 1748 1007 1816; x_wconf 77' lang='grc' dir='ltr'><strong><em>τοῖς</em></strong></span> <span class='ocrx_word' id='word_1_142' title='bbox 1021 1733 1166 1805; x_wconf 90' lang='grc' dir='ltr'><strong><em>ιἰπεναν·</em></strong></span> <span class='ocrx_word' id='word_1_143' title='bbox 1209 1772 1219 1789; x_wconf 85' lang='grc'><em>·</em></span> 
     </span>
     <span class='ocr_line' id='line_1_16' title="bbox 95 1837 1166 1929; baseline 0.004 -23"><span class='ocrx_word' id='word_1_144' title='bbox 95 1860 127 1908; x_wconf 86' lang='lat'><strong><em>15</em></strong></span> <span class='ocrx_word' id='word_1_145' title='bbox 146 1847 220 1910; x_wconf 92' lang='grc' dir='ltr'><strong><em>τίον</em></strong></span> <span class='ocrx_word' id='word_1_146' title='bbox 244 1851 300 1910; x_wconf 84' lang='grc' dir='ltr'><strong><em>ίσα</em></strong></span> <span class='ocrx_word' id='word_1_147' title='bbox 322 1867 357 1911; x_wconf 91' lang='grc' dir='ltr'><strong><em>τε</em></strong></span> <span class='ocrx_word' id='word_1_148' title='bbox 380 1842 435 1908; x_wconf 84' lang='grc' dir='ltr'><strong><em>καλ</em></strong></span> <span class='ocrx_word' id='word_1_149' title='bbox 459 1838 567 1929; x_wconf 30' lang='grc' dir='ltr'><strong><em>ὅμοιοί,</em></strong></span> <span class='ocrx_word' id='word_1_150' title='bbox 585 1842 685 1922; x_wconf 79' lang='grc' dir='ltr'><strong><em>ἐστιν,</em></strong></span> <span class='ocrx_word' id='word_1_151' title='bbox 708 1837 748 1906; x_wconf 77' lang='grc' dir='ltr'><strong><em>τὰ</em></strong></span> <span class='ocrx_word' id='word_1_152' title='bbox 768 1840 805 1908; x_wconf 73' lang='grc' dir='ltr'><strong><em>δὲ</em></strong></span> <span class='ocrx_word' id='word_1_153' title='bbox 823 1846 899 1928; x_wconf 90' lang='grc' dir='ltr'><strong><em>τρία</em></strong></span> <span class='ocrx_word' id='word_1_154' title='bbox 917 1839 957 1908; x_wconf 87' lang='grc' dir='ltr'><strong><em>τδι</em></strong></span> <span class='ocrx_word' id='word_1_155' title='bbox 977 1848 1061 1927; x_wconf 89' lang='grc' dir='ltr'><strong><em>ΕΠ,</em></strong></span> <span class='ocrx_word' id='word_1_156' title='bbox 1086 1845 1166 1929; x_wconf 72' lang='grc' dir='ltr'><strong><em>ΕΞ,</em></strong></span> 
     </span>
     <span class='ocr_line' id='line_1_17' title="bbox 148 1944 1165 2033; baseline 0.004 -20"><span class='ocrx_word' id='word_1_157' title='bbox 148 1954 212 2014; x_wconf 93' lang='grc' dir='ltr'><strong><em>ΕΡ</em></strong></span> <span class='ocrx_word' id='word_1_158' title='bbox 230 1948 319 2033; x_wconf 79' lang='grc' dir='ltr'><strong><em>τρισὶ</em></strong></span> <span class='ocrx_word' id='word_1_159' title='bbox 340 1961 411 2029; x_wconf 83' lang='grc' dir='ltr'><strong><em>τοῖς</em></strong></span> <span class='ocrx_word' id='word_1_160' title='bbox 432 1944 636 2015; x_wconf 74' lang='grc' dir='ltr'><strong><em>ἀπεναντίον</em></strong></span> <span class='ocrx_word' id='word_1_161' title='bbox 660 1953 716 2013; x_wconf 80' lang='grc' dir='ltr'><strong><em>ίσα</em></strong></span> <span class='ocrx_word' id='word_1_162' title='bbox 738 1972 773 2014; x_wconf 91' lang='grc' dir='ltr'><strong><em>τε</em></strong></span> <span class='ocrx_word' id='word_1_163' title='bbox 796 1946 851 2013; x_wconf 82' lang='grc' dir='ltr'><strong><em>καὶ</em></strong></span> <span class='ocrx_word' id='word_1_164' title='bbox 871 1944 970 2033; x_wconf 85' lang='grc' dir='ltr'><strong><em>ὅμοιοί</em></strong></span> <span class='ocrx_word' id='word_1_165' title='bbox 990 1950 1090 2016; x_wconf 85' lang='grc' dir='ltr'><strong><em>ἐστιν.</em></strong></span> <span class='ocrx_word' id='word_1_166' title='bbox 1123 1946 1165 2016; x_wconf 87' lang='grc' dir='ltr'><strong><em>τδι</em></strong></span> 
     </span>
     <span class='ocr_line' id='line_1_18' title="bbox 147 2049 1165 2141; baseline 0.004 -21"><span class='ocrx_word' id='word_1_167' title='bbox 147 2060 310 2137; x_wconf 90' lang='grc' dir='ltr'><em>ΒΗΜΛ,</em></span> <span class='ocrx_word' id='word_1_168' title='bbox 339 2060 478 2121; x_wconf 94' lang='grc' dir='ltr'><em>ΕΘΠΟ</em></span> <span class='ocrx_word' id='word_1_169' title='bbox 505 2051 571 2140; x_wconf 74' lang='grc' dir='ltr'><strong><em>ἄρα</em></strong></span> <span class='ocrx_word' id='word_1_170' title='bbox 599 2050 715 2141; x_wconf 87' lang='grc' dir='ltr'><strong><em>στερεδι</em></strong></span> <span class='ocrx_word' id='word_1_171' title='bbox 742 2049 808 2120; x_wconf 85' lang='grc' dir='ltr'><strong><em>ὑπὸ</em></strong></span> <span class='ocrx_word' id='word_1_172' title='bbox 839 2050 967 2139; x_wconf 80' lang='grc' dir='ltr'><strong><em>ὁμοίων</em></strong></span> <span class='ocrx_word' id='word_1_173' title='bbox 996 2055 1165 2124; x_wconf 70' lang='grc' dir='ltr'><strong><em>ἑπιπέδὲον</em></strong></span> 
     </span>
     <span class='ocr_line' id='line_1_19' title="bbox 147 2157 1165 2245; baseline 0.002 -18"><span class='ocrx_word' id='word_1_174' title='bbox 147 2167 231 2227; x_wconf 84' lang='grc' dir='ltr'><strong><em>ίσων</em></strong></span> <span class='ocrx_word' id='word_1_175' title='bbox 249 2158 287 2226; x_wconf 88' lang='grc' dir='ltr'><strong><em>τὸ</em></strong></span> <span class='ocrx_word' id='word_1_176' title='bbox 307 2162 436 2245; x_wconf 79' lang='grc' dir='ltr'><strong><em>πλῆθος</em></strong></span> <span class='ocrx_word' id='word_1_177' title='bbox 454 2159 646 2245; x_wconf 83' lang='grc' dir='ltr'><strong><em>περιέχεται.</em></strong></span> <span class='ocrx_word' id='word_1_178' title='bbox 670 2157 790 2244; x_wconf 84' lang='grc' dir='ltr'><strong><em>ὅμοιον</em></strong></span> <span class='ocrx_word' id='word_1_179' title='bbox 809 2157 875 2244; x_wconf 76' lang='grc' dir='ltr'><strong><em>ἄρα</em></strong></span> <span class='ocrx_word' id='word_1_180' title='bbox 890 2160 959 2227; x_wconf 78' lang='grc' dir='ltr'><strong><em>ἐστὶ</em></strong></span> <span class='ocrx_word' id='word_1_181' title='bbox 972 2159 1011 2228; x_wconf 89' lang='grc' dir='ltr'><strong><em>τδ</em></strong></span> <span class='ocrx_word' id='word_1_182' title='bbox 1026 2167 1165 2229; x_wconf 90' lang='grc' dir='ltr'><em>ΒΗΜΛ</em></span> 
     </span>
     <span class='ocr_line' id='line_1_20' title="bbox 146 2263 1165 2356; baseline 0.003 -23"><span class='ocrx_word' id='word_1_183' title='bbox 146 2263 282 2353; x_wconf 85' lang='grc' dir='ltr'><strong><em>στερεὸν</em></strong></span> <span class='ocrx_word' id='word_1_184' title='bbox 304 2268 350 2356; x_wconf 77' lang='grc' dir='ltr'><strong><em>τῷ</em></strong></span> <span class='ocrx_word' id='word_1_185' title='bbox 371 2271 507 2333; x_wconf 92' lang='grc' dir='ltr'><em>ΕΘΠΟ</em></span> <span class='ocrx_word' id='word_1_186' title='bbox 530 2275 660 2356; x_wconf 74' lang='grc' dir='ltr'><strong><em>στερεῷ.</em></strong></span> <span class='ocrx_word' id='word_1_187' title='bbox 697 2264 737 2332; x_wconf 84' lang='grc' dir='ltr'><strong><em>τδι</em></strong></span> <span class='ocrx_word' id='word_1_188' title='bbox 763 2266 800 2333; x_wconf 74' lang='grc' dir='ltr'><strong><em>δὲ</em></strong></span> <span class='ocrx_word' id='word_1_189' title='bbox 824 2266 923 2352; x_wconf 80' lang='grc' dir='ltr'><strong><em>ὅμοια</em></strong></span> <span class='ocrx_word' id='word_1_190' title='bbox 946 2266 1063 2352; x_wconf 82' lang='grc' dir='ltr'><strong><em>στερεὰ</em></strong></span> <span class='ocrx_word' id='word_1_191' title='bbox 1082 2292 1165 2356; x_wconf 87' lang='grc' dir='ltr'><strong><em>παρ-</em></strong></span> 
     </span>
     <span class='ocr_line' id='line_1_21' title="bbox 92 2371 1165 2464; baseline 0.006 -27"><span class='ocrx_word' id='word_1_192' title='bbox 92 2390 126 2439; x_wconf 81' lang='lat'><strong><em>20</em></strong></span> <span class='ocrx_word' id='word_1_193' title='bbox 146 2375 390 2457; x_wconf 81' lang='grc' dir='ltr'><strong><em>αλληλεπίπεδα</em></strong></span> <span class='ocrx_word' id='word_1_194' title='bbox 413 2374 450 2439; x_wconf 78' lang='grc' dir='ltr'><strong><em>ἐν</em></strong></span> <span class='ocrx_word' id='word_1_195' title='bbox 473 2377 682 2456; x_wconf 77' lang='grc' dir='ltr'><strong><em>τριπλασίονι</em></strong></span> <span class='ocrx_word' id='word_1_196' title='bbox 702 2371 790 2464; x_wconf 80' lang='grc' dir='ltr'><strong><em>λόγῳ</em></strong></span> <span class='ocrx_word' id='word_1_197' title='bbox 811 2374 879 2440; x_wconf 81' lang='grc' dir='ltr'><strong><em>ἐστὶ</em></strong></span> <span class='ocrx_word' id='word_1_198' title='bbox 897 2377 965 2440; x_wconf 79' lang='grc' dir='ltr'><strong><em>τῶν</em></strong></span> <span class='ocrx_word' id='word_1_199' title='bbox 984 2372 1165 2460; x_wconf 81' lang='grc' dir='ltr'><strong><em>ὁμολόγων</em></strong></span> 
     </span>
     <span class='ocr_line' id='line_1_22' title="bbox 144 2476 1166 2566; baseline 0.002 -20"><span class='ocrx_word' id='word_1_200' title='bbox 144 2482 306 2562; x_wconf 81' lang='grc' dir='ltr'><strong><em>πλευρῶν.</em></strong></span> <span class='ocrx_word' id='word_1_201' title='bbox 356 2476 394 2545; x_wconf 86' lang='grc' dir='ltr'><strong><em>ιδ</em></strong></span> <span class='ocrx_word' id='word_1_202' title='bbox 418 2481 566 2544; x_wconf 85' lang='grc' dir='ltr'><em>ΒΗΜΛ</em></span> <span class='ocrx_word' id='word_1_203' title='bbox 594 2476 660 2565; x_wconf 77' lang='grc' dir='ltr'><strong><em>ἄρα</em></strong></span> <span class='ocrx_word' id='word_1_204' title='bbox 687 2477 823 2566; x_wconf 87' lang='grc' dir='ltr'><strong><em>στερεὸν</em></strong></span> <span class='ocrx_word' id='word_1_205' title='bbox 850 2477 933 2566; x_wconf 88' lang='grc' dir='ltr'><strong><em>πρὸς</em></strong></span> <span class='ocrx_word' id='word_1_206' title='bbox 962 2477 1000 2547; x_wconf 91' lang='grc' dir='ltr'><strong><em>τδ</em></strong></span> <span class='ocrx_word' id='word_1_207' title='bbox 1025 2485 1166 2548; x_wconf 91' lang='grc' dir='ltr'><em>ΕΘΠΟ</em></span> 
     </span>
     <span class='ocr_line' id='line_1_23' title="bbox 145 2581 1165 2673; baseline 0.002 -21"><span class='ocrx_word' id='word_1_208' title='bbox 145 2583 281 2669; x_wconf 85' lang='grc' dir='ltr'><strong><em>σιερεδν</em></strong></span> <span class='ocrx_word' id='word_1_209' title='bbox 317 2588 536 2669; x_wconf 84' lang='grc' dir='ltr'><strong><em>τριπλασίονα</em></strong></span> <span class='ocrx_word' id='word_1_210' title='bbox 572 2581 675 2668; x_wconf 90' lang='grc' dir='ltr'><strong><em>λόγον</em></strong></span> <span class='ocrx_word' id='word_1_211' title='bbox 713 2587 779 2670; x_wconf 82' lang='grc' dir='ltr'><strong><em>ἔχει</em></strong></span> <span class='ocrx_word' id='word_1_212' title='bbox 816 2581 899 2671; x_wconf 78' lang='grc' dir='ltr'><strong><em>ἥπερ</em></strong></span> <span class='ocrx_word' id='word_1_213' title='bbox 937 2583 958 2670; x_wconf 81' lang='grc' dir='ltr'><em>ἡ</em></span> <span class='ocrx_word' id='word_1_214' title='bbox 996 2582 1165 2673; x_wconf 78' lang='grc' dir='ltr'><strong><em>ὁμόλογος</em></strong></span> 
     </span>
     <span class='ocr_line' id='line_1_24' title="bbox 142 2688 1164 2779; baseline 0.005 -22"><span class='ocrx_word' id='word_1_215' title='bbox 142 2688 269 2775; x_wconf 89' lang='grc' dir='ltr'><strong><em>πλευρδι</em></strong></span> <span class='ocrx_word' id='word_1_216' title='bbox 298 2688 318 2776; x_wconf 83' lang='grc' dir='ltr'><em>ἡ</em></span> <span class='ocrx_word' id='word_1_217' title='bbox 343 2695 411 2757; x_wconf 92' lang='grc' dir='ltr'><strong><em>ΒΓ</em></strong></span> <span class='ocrx_word' id='word_1_218' title='bbox 432 2688 515 2777; x_wconf 84' lang='grc' dir='ltr'><strong><em>πρὸς</em></strong></span> <span class='ocrx_word' id='word_1_219' title='bbox 542 2688 605 2776; x_wconf 79' lang='grc' dir='ltr'><strong><em>τὴν</em></strong></span> <span class='ocrx_word' id='word_1_220' title='bbox 633 2688 801 2777; x_wconf 79' lang='grc' dir='ltr'><strong><em>ὁμόλογον</em></strong></span> <span class='ocrx_word' id='word_1_221' title='bbox 830 2689 979 2778; x_wconf 87' lang='grc' dir='ltr'><strong><em>πλευρδιν</em></strong></span> <span class='ocrx_word' id='word_1_222' title='bbox 1002 2691 1065 2779; x_wconf 80' lang='grc' dir='ltr'><strong><em>τὴν</em></strong></span> <span class='ocrx_word' id='word_1_223' title='bbox 1089 2701 1164 2762; x_wconf 88' lang='grc' dir='ltr'><strong><em>ΕΖ.</em></strong></span> 
     </span>
     <span class='ocr_line' id='line_1_25' title="bbox 144 2794 1164 2887; baseline 0.004 -24"><span class='ocrx_word' id='word_1_224' title='bbox 144 2794 189 2874; x_wconf 78' lang='grc' dir='ltr'><strong><em>ὥς</em></strong></span> <span class='ocrx_word' id='word_1_225' title='bbox 217 2795 254 2862; x_wconf 71' lang='grc' dir='ltr'><strong><em>δὲ</em></strong></span> <span class='ocrx_word' id='word_1_226' title='bbox 281 2794 319 2862; x_wconf 89' lang='grc' dir='ltr'><strong><em>τδ</em></strong></span> <span class='ocrx_word' id='word_1_227' title='bbox 343 2802 491 2862; x_wconf 89' lang='grc' dir='ltr'><em>ΒΗΜΛ</em></span> <span class='ocrx_word' id='word_1_228' title='bbox 520 2795 655 2882; x_wconf 82' lang='grc' dir='ltr'><strong><em>στερεὸν</em></strong></span> <span class='ocrx_word' id='word_1_229' title='bbox 683 2794 766 2883; x_wconf 87' lang='grc' dir='ltr'><strong><em>πρὸς</em></strong></span> <span class='ocrx_word' id='word_1_230' title='bbox 788 2795 826 2864; x_wconf 86' lang='grc' dir='ltr'><strong><em>τὸ</em></strong></span> <span class='ocrx_word' id='word_1_231' title='bbox 851 2803 988 2865; x_wconf 91' lang='grc' dir='ltr'><em>ΕΘΠΟ</em></span> <span class='ocrx_word' id='word_1_232' title='bbox 1012 2800 1164 2887; x_wconf 82' lang='grc' dir='ltr'><strong><em>στερεόν,</em></strong></span> 
     </span>
     <span class='ocr_line' id='line_1_26' title="bbox 89 2900 1164 2992; baseline 0.005 -23"><span class='ocrx_word' id='word_1_233' title='bbox 89 2921 123 2969; x_wconf 78' lang='lat'><strong><em>25</em></strong></span> <span class='ocrx_word' id='word_1_234' title='bbox 144 2900 250 2981; x_wconf 75' lang='grc' dir='ltr'><strong><em>οὕτως</em></strong></span> <span class='ocrx_word' id='word_1_235' title='bbox 273 2901 293 2989; x_wconf 82' lang='grc' dir='ltr'><em>ἡ</em></span> <span class='ocrx_word' id='word_1_236' title='bbox 314 2908 456 2969; x_wconf 89' lang='grc' dir='ltr'><em>ΑΒΓΗ</em></span> <span class='ocrx_word' id='word_1_237' title='bbox 475 2902 620 2988; x_wconf 77' lang='grc' dir='ltr'><strong><em>πυραμὶς</em></strong></span> <span class='ocrx_word' id='word_1_238' title='bbox 642 2901 725 2986; x_wconf 85' lang='grc' dir='ltr'><strong><em>πρὸς</em></strong></span> <span class='ocrx_word' id='word_1_239' title='bbox 743 2901 805 2989; x_wconf 79' lang='grc' dir='ltr'><strong><em>τὴν</em></strong></span> <span class='ocrx_word' id='word_1_240' title='bbox 826 2911 960 2972; x_wconf 90' lang='grc' dir='ltr'><em>ΔΕΖΘ</em></span> <span class='ocrx_word' id='word_1_241' title='bbox 978 2911 1164 2992; x_wconf 75' lang='grc' dir='ltr'><strong><em>πυραμίδα,</em></strong></span> 
     </span>
     <span class='ocr_line' id='line_1_27' title="bbox 143 3007 1163 3100; baseline 0.006 -25"><span class='ocrx_word' id='word_1_242' title='bbox 143 3007 318 3097; x_wconf 73' lang='grc' dir='ltr'><strong><em>ἐπειδήπερ</em></strong></span> <span class='ocrx_word' id='word_1_243' title='bbox 351 3007 372 3095; x_wconf 78' lang='grc' dir='ltr'><em>ἡ</em></span> <span class='ocrx_word' id='word_1_244' title='bbox 404 3008 549 3094; x_wconf 78' lang='grc' dir='ltr'><strong><em>πυραμίς</em></strong></span> <span class='ocrx_word' id='word_1_245' title='bbox 581 3009 677 3076; x_wconf 79' lang='grc' dir='ltr'><strong><em>ἕκτον</em></strong></span> <span class='ocrx_word' id='word_1_246' title='bbox 706 3009 806 3097; x_wconf 84' lang='grc' dir='ltr'><strong><em>μέρος</em></strong></span> <span class='ocrx_word' id='word_1_247' title='bbox 834 3010 903 3078; x_wconf 81' lang='grc' dir='ltr'><strong><em>ἐστὶ</em></strong></span> <span class='ocrx_word' id='word_1_248' title='bbox 931 3015 992 3078; x_wconf 82' lang='grc' dir='ltr'><strong><em>τοῦ</em></strong></span> <span class='ocrx_word' id='word_1_249' title='bbox 1022 3017 1163 3100; x_wconf 85' lang='grc' dir='ltr'><strong><em>στερεοῦ</em></strong></span> 
     </span>
     <span class='ocr_line' id='line_1_28' title="bbox 143 3111 1163 3206; baseline 0.005 -24"><span class='ocrx_word' id='word_1_250' title='bbox 143 3116 199 3183; x_wconf 89' lang='grc' dir='ltr'><strong><em>διδι</em></strong></span> <span class='ocrx_word' id='word_1_251' title='bbox 228 3114 266 3184; x_wconf 88' lang='grc' dir='ltr'><strong><em>τὸ</em></strong></span> <span class='ocrx_word' id='word_1_252' title='bbox 292 3115 348 3182; x_wconf 84' lang='grc' dir='ltr'><strong><em>καὶ</em></strong></span> <span class='ocrx_word' id='word_1_253' title='bbox 374 3112 412 3182; x_wconf 88' lang='grc' dir='ltr'><strong><em>ιδ</em></strong></span> <span class='ocrx_word' id='word_1_254' title='bbox 440 3119 567 3201; x_wconf 86' lang='grc' dir='ltr'><strong><em>πρίσμα</em></strong></span> <span class='ocrx_word' id='word_1_255' title='bbox 594 3115 698 3202; x_wconf 77' lang='grc' dir='ltr'><strong><em>ἥμισυ</em></strong></span> <span class='ocrx_word' id='word_1_256' title='bbox 725 3111 766 3183; x_wconf 83' lang='grc' dir='ltr'><strong><em>δν</em></strong></span> <span class='ocrx_word' id='word_1_257' title='bbox 789 3120 851 3184; x_wconf 82' lang='grc' dir='ltr'><strong><em>τοῦ</em></strong></span> <span class='ocrx_word' id='word_1_258' title='bbox 874 3121 1011 3202; x_wconf 84' lang='grc' dir='ltr'><strong><em>στερεοῦ</em></strong></span> <span class='ocrx_word' id='word_1_259' title='bbox 1034 3127 1163 3206; x_wconf 89' lang='grc' dir='ltr'><strong><em>παραλ-</em></strong></span> 
     </span>
     <span class='ocr_line' id='line_1_29' title="bbox 142 3219 1162 3314; baseline 0.004 -26"><span class='ocrx_word' id='word_1_260' title='bbox 142 3223 364 3309; x_wconf 81' lang='grc' dir='ltr'><strong><em>ληλεπιπέδου</em></strong></span> <span class='ocrx_word' id='word_1_261' title='bbox 391 3220 589 3309; x_wconf 81' lang='grc' dir='ltr'><strong><em>τριπλάσιον</em></strong></span> <span class='ocrx_word' id='word_1_262' title='bbox 617 3219 703 3291; x_wconf 81' lang='grc' dir='ltr'><strong><em>εἶναι</em></strong></span> <span class='ocrx_word' id='word_1_263' title='bbox 730 3226 789 3309; x_wconf 80' lang='grc' dir='ltr'><strong><em>τῆς</em></strong></span> <span class='ocrx_word' id='word_1_264' title='bbox 816 3228 1011 3309; x_wconf 89' lang='grc' dir='ltr'><strong><em>πυραμίδος.</em></strong></span> <span class='ocrx_word' id='word_1_265' title='bbox 1057 3223 1162 3314; x_wconf 78' lang='grc' dir='ltr'><strong><em>καὶὴ</em></strong></span> 
     </span>
    </p>
   </div>
   <div class='ocr_carea' id='block_1_3' title="bbox 140 3465 1163 3612">
    <p class='ocr_par' dir='ltr' id='par_1_4' title="bbox 140 3465 1163 3612">
     <span class='ocr_line' id='line_1_30' title="bbox 212 3465 1163 3542; baseline 0.006 -18"><span class='ocrx_word' id='word_1_266' title='bbox 212 3476 236 3524; x_wconf 78' lang='lat'><strong><em>2.</em></strong></span> <span class='ocrx_word' id='word_1_267' title='bbox 256 3465 287 3541; x_wconf 79' lang='grc' dir='ltr'><strong><em>ἡ]</em></strong></span> <span class='ocrx_word' id='word_1_268' title='bbox 307 3471 350 3525; x_wconf 81' lang='lat' dir='ltr'><strong><em>bis</em></strong></span> <span class='ocrx_word' id='word_1_269' title='bbox 369 3470 400 3538; x_wconf 88' lang='lat' dir='ltr'><strong><em>P,</em></strong></span> <span class='ocrx_word' id='word_1_270' title='bbox 420 3488 489 3526; x_wconf 83' lang='lat' dir='ltr'>corr.</span> <span class='ocrx_word' id='word_1_271' title='bbox 509 3490 544 3525; x_wconf 89' lang='lat' dir='ltr'><strong><em>m.</em></strong></span> <span class='ocrx_word' id='word_1_272' title='bbox 566 3477 590 3525; x_wconf 89' lang='lat'><strong><em>1.</em></strong></span> <span class='ocrx_word' id='word_1_273' title='bbox 655 3477 679 3526; x_wconf 80' lang='lat'><strong><em>5.</em></strong></span> <span class='ocrx_word' id='word_1_274' title='bbox 701 3471 795 3542; x_wconf 87' lang='grc' dir='ltr'><strong><em>ΘΕΖ]</em></strong></span> <span class='ocrx_word' id='word_1_275' title='bbox 816 3488 831 3525; x_wconf 83' lang='grc' dir='ltr'><strong><em>ε</em></strong></span> <span class='ocrx_word' id='word_1_276' title='bbox 850 3488 920 3530; x_wconf 83' lang='lat' dir='ltr'><strong>corr.</strong></span> <span class='ocrx_word' id='word_1_277' title='bbox 940 3472 972 3527; x_wconf 92' lang='lat' dir='ltr'><strong><em>V.</em></strong></span> <span class='ocrx_word' id='word_1_278' title='bbox 1038 3478 1064 3531; x_wconf 86' lang='grc'><strong><em>9.</em></strong></span> <span class='ocrx_word' id='word_1_279' title='bbox 1084 3468 1163 3530; x_wconf 75' lang='grc' dir='ltr'><strong><em>ἐστιν</em></strong></span> 
     </span>
     <span class='ocr_line' id='line_1_31' title="bbox 140 3538 1105 3612; baseline 0.005 -18"><span class='ocrx_word' id='word_1_280' title='bbox 140 3559 167 3610; x_wconf 89' lang='lat' dir='ltr'><strong><em>q.</em></strong></span> <span class='ocrx_word' id='word_1_281' title='bbox 246 3547 288 3595; x_wconf 89' lang='lat'><strong><em>10.</em></strong></span> <span class='ocrx_word' id='word_1_282' title='bbox 307 3538 610 3612; x_wconf 81' lang='grc' dir='ltr'><strong><em>παραλληλόγραμμον]</em></strong></span> <span class='ocrx_word' id='word_1_283' title='bbox 630 3541 727 3612; x_wconf 79' lang='lat' dir='ltr'>(prius)</span> <span class='ocrx_word' id='word_1_284' title='bbox 747 3559 800 3597; x_wconf 92' lang='lat' dir='ltr'><strong><em>om.</em></strong></span> <span class='ocrx_word' id='word_1_285' title='bbox 820 3542 853 3599; x_wconf 88' lang='lat' dir='ltr'><strong><em>V.</em></strong></span> <span class='ocrx_word' id='word_1_286' title='bbox 928 3550 969 3600; x_wconf 79' lang='lat'><strong><em>13.</em></strong></span> <span class='ocrx_word' id='word_1_287' title='bbox 991 3538 1050 3599; x_wconf 75' lang='grc' dir='ltr'><strong><em>ἔστι</em></strong></span> <span class='ocrx_word' id='word_1_288' title='bbox 1070 3544 1105 3600; x_wconf 88' lang='lat' dir='ltr'><strong><em>V.</em></strong></span> 
     </span>
    </p>
   </div>
   <div class='ocr_carea' id='block_1_4' title="bbox 0 0 1238 3952">
    <p class='ocr_par' dir='ltr' id='par_1_5' title="bbox 0 0 1238 3952">
     <span class='ocr_line' id='line_1_32' title="bbox 0 0 1238 3952; baseline 0 1"><span class='ocrx_word' id='word_1_289' title='bbox 0 0 1238 3952; x_wconf 95' lang='lat' dir='ltr'><strong><em> </em></strong></span> 
     </span>
    </p>
   </div>
  </div>
 </body>
</html>
