2468 3952
139 196 203 260 190
506 199 707 251 Σνοτκπιαω
726 192 776 270 ιμ’.
825 163 828 168 ’

136 337 369 427 ληλόγραμμα,
414 339 470 406 καὶ
507 337 563 406 ἀπ’
603 337 717 407 αύτών
758 337 998 424 ἀναστήσωμεν
1036 358 1152 425 στερεα

103 437 109 451 ’
136 448 448 532 παραλληλεπίπεδα
475 448 600 530 ίσούύῆ
628 447 674 535 τῷ
702 447 885 535 κυλίνδρῳ,
914 442 1056 512 ἒκάστου
1083 448 1151 512 τών
1189 471 1192 476 ·

136 550 397 620 ἀνασταθέντων
429 548 531 638 ἡμίση
565 551 634 619 ἐστὶ
666 550 706 617 τά
739 556 905 637 πρίσματα
932 550 973 619 τὰ
1002 553 1054 619 έπλ
1082 556 1151 620 τών

136 667 252 745 ΑΕΒ,
280 667 387 744 ΒΖΓ,
420 663 540 741 ΓΗΔ,
570 666 674 725 ΔΘΑ
700 658 887 744 τριγώνων·
920 664 979 724 καί
1009 661 1078 725 ἐστι
1109 656 1150 725 τά

100 776 195 838 5τοῦ
223 766 407 851 κυλίνδρου
433 765 584 851 τμήματα
612 765 771 832 έλάττονα
798 769 865 832 τῶν
889 763 1152 832 ἀνασταθέντων

136 875 280 954 στερεῶν
298 869 651 958 παραλληλεπιπέδων·
671 867 754 938 ὥστε
768 870 824 937 καὶ
838 868 878 936 τά
893 870 946 937 έπὶ
959 873 1027 938 τών
1043 878 1151 957 ΑΕΒ,

135 981 240 1061 ΒΖΓ,
260 981 384 1060 ΓΗΔ,
404 982 508 1042 ΔΘΑ
526 975 701 1063 τριγώνων
720 980 888 1061 πρίσματα
906 976 1040 1062 μείζονά
1060 979 1151 1045 ἐστιν

134 1079 211 1169 ἣτό
236 1079 341 1168 ἥμισυ
363 1085 432 1149 τών
454 1079 534 1148 καθ’
561 1079 662 1150 ἑαυτὰ
680 1085 742 1149 τού
759 1085 944 1167 κυλίνδρου
961 1082 1151 1169 τμημάτων.

134 1188 312 1276 τέμνοντες
335 1186 377 1274 δὴ
395 1186 454 1268 τάς
472 1185 737 1275 ὑπολειπομένας
759 1194 970 1277 περιφερείας
996 1192 1072 1274 δίχα
1095 1190 1151 1257 καὶ

84 1319 115 1367 10
135 1294 385 1380 ἐπιζευγνύντες
420 1291 555 1374 εὐθείας
602 1295 657 1362 καὶ
689 1281 887 1374 ἀνιστάντες
919 1291 971 1380 ἐφ’
1008 1295 1151 1364 έκάστον

134 1405 201 1469 τών
240 1402 416 1487 τριγώνων
452 1405 618 1490 πρίσματα
651 1405 775 1488 ίσοῦψῆ
808 1406 853 1493 τῷ
886 1405 1055 1491 κυλίνδρῳ
1094 1403 1149 1469 καὶ

134 1516 233 1574 τοῦτο
267 1505 319 1574 ἀεὶ
351 1510 525 1586 ποιοῦντες
561 1508 802 1593 καταλείψομέν
830 1533 905 1575 τινα
933 1504 1150 1595 ἀποτμήματα

134 1623 194 1680 τοῦ
226 1616 423 1701 κυλίνδρου,
459 1609 481 1681 δ
514 1618 605 1681 ἔσται
636 1614 797 1681 έλάττονα
828 1616 886 1699 τῆς
914 1612 1095 1700 ὑπεροχῆς,
1128 1605 1149 1703 ᾗ

133 1716 286 1807 ὑπερέχει
324 1717 341 1787 ὁ
378 1719 558 1806 κύλινδρος
595 1728 656 1787 τού
693 1726 890 1806 τριπλασίου
926 1731 987 1788 τοῦ
1028 1720 1150 1789 κώνου.

82 1849 114 1897 15
134 1831 314 1912 ιειιιφοω,
336 1826 392 1892 ιιι
410 1831 493 1893 εσιω
512 1824 553 1894 τὰ
566 1834 649 1910 ΑΕ,
669 1832 754 1911 ΕΒ,
767 1833 845 1911 ΒΖ,
865 1833 941 1911 ΖΓ,
960 1833 1042 1911 ΓΗ,
1061 1833 1150 1913 HA,

135 1938 217 2018 ΔΘ,
244 1940 318 1999 ΘΑ·
345 1930 466 2000 λοιπὸν
494 1929 559 2019 ἀρα
586 1930 624 1999 τὸ
652 1937 794 2020 πρίσμα,
828 1923 869 2001 ού
897 1931 994 2018 βάσις
1021 1932 1083 2018 μέν
1110 1933 1148 2001 τὸ

133 2043 410 2106 ΑΕΒΖΓΗΔΘ
437 2037 648 2124 πολύγωνον,
676 2037 763 2118 ὕψος
791 2036 829 2105 δὲ
856 2036 893 2105 τὸ
919 2036 1000 2106 αύτδ
1024 2042 1070 2130 τῳ
1093 2065 1149 2107 κν-

133 2148 275 2234 λίνδρῳ,
304 2145 416 2231 μεῖζόν
440 2146 530 2212 έστιν
553 2141 574 2230 ἢ
598 2144 795 2231 τριπλάσιον
818 2154 879 2211 τοῦ
901 2143 1021 2213 κώνου.
1064 2143 1149 2214 ἀλλά

132 2248 170 2316 τὸ
191 2255 332 2336 πρίσμα,
352 2242 394 2319 οὗ
412 2249 510 2336 βάσις
528 2252 590 2337 μέν
609 2252 678 2318 ἐστι
696 2249 734 2319 τὸ
749 2257 1029 2318 ΑΕΒΖΓΗΔΘ
1048 2252 1150 2319 πολύ-

80 2378 113 2426 20
132 2381 257 2442 γωνον,
275 2356 363 2435 ὕψος
380 2354 418 2423 δὲ
436 2356 473 2424 τὸ
493 2354 575 2424 αύτό
595 2360 641 2447 τῳ
660 2361 841 2449 κυλίνδρῳ,
862 2356 1060 2443 τριπλάσιόν
1080 2361 1151 2426 ἐστι

131 2464 190 2547 τῆς
212 2465 414 2550 πυραμίδος,
444 2453 485 2548 ἧς
506 2462 605 2548 βάσις
632 2463 694 2549 μέν
717 2465 786 2531 ἐστι
808 2462 846 2531 τὸ
870 2470 1150 2533 ΑΕΒΖΓΗΔΘ

130 2673 230 2772 ραμλς
252 2671 329 2761 ἀρα,
353 2664 392 2759 ἧς
414 2672 512 2758 βάσις
535 2674 596 2760 μέν
620 2676 716 2758 [ἐστι]
735 2672 774 2741 τὸ
793 2681 1073 2743 ΑΕΒΖΓΗΔΘ
1090 2701 1150 2745 πο-

132 2776 302 2864 λύγωνον,
329 2778 462 2865 κορυφὴ
491 2778 529 2847 δὲ
556 2777 577 2866 ἡ
606 2777 690 2866 αύτη
720 2791 765 2872 τῳ
789 2781 902 2872 κώνῳ,
936 2787 1056 2867 μείζων
1080 2784 1150 2850 ἐστὶ

78 2905 112 2954 25
132 2889 193 2953 τοῦ
225 2885 338 2953 κώνου
369 2889 430 2953 τοῦ
461 2883 562 2971 βάσιν
594 2891 729 2973 ἔχοντος
760 2885 820 2955 τὸν
848 2893 983 2956 ΑΒΓΔ
1014 2887 1150 2957 κύκλον.

132 2990 216 3059 ἀλλά
239 2991 295 3058 καὶ
318 2990 476 3059 έλάττων·
506 2993 729 3080 ἐμπεριέχεται
752 2992 816 3080 γὰρ
840 2991 896 3060 ὑπ’
923 2994 1042 3061 αὐτοῦ·
1067 2994 1149 3082 ὅπερ

203 3176 227 3224 3.
247 3165 350 3238 ἡμίσεα
369 3167 453 3238 BVq,
526 3171 632 3239 πρίσμα
651 3168 682 3240 Ρ,
701 3186 770 3226 corr.
789 3188 826 3227 m.
846 3187 899 3225 rec.
978 3177 1002 3225 5.
1022 3165 1148 3241 ἀποτμή-

132 3259 206 3308 ματα
225 3239 309 3308 BVq.
410 3245 434 3295 8.
454 3235 485 3328 ἥ]
505 3239 549 3294 bis
568 3239 598 3294 P.
698 3242 766 3314 τῶν]
787 3247 837 3296 τοῦ
856 3259 882 3309 q.
978 3236 1081 3313 ἕαντά]
1101 3240 1149 3295 -τά

132 3327 235 3364 ecorr.
254 3327 290 3364 m.
310 3327 363 3366 rec.
384 3312 418 3378 P;
439 3307 488 3367 ἕνα
508 3330 534 3380 q.
614 3316 655 3368 10.
676 3307 740 3384 ἐφ’]
760 3307 815 3382 ἀφ’
837 3311 869 3368 V.
950 3319 991 3368 13.
1012 3308 1043 3384 ἀ]
1064 3330 1150 3381 supra

131 3397 183 3436 scr.
203 3398 238 3434 m.
259 3386 275 3434 2
294 3382 325 3435 B.
435 3379 573 3438 ἐλάσσονα
592 3383 623 3438 Ρ.
737 3390 778 3438 14.
798 3379 886 3439 κόνον
905 3403 931 3454 q.
1042 3389 1083 3439 15.
1104 3387 1147 3438 λε-

130 3447 234 3520 λήφθω
253 3470 280 3521 q.
369 3459 410 3508 17.
429 3456 690 3508 ΑΒΕΖΓΗΔΘΑ
708 3455 744 3526 Ρ,
763 3457 1021 3510 ΑΕΒΖΓΗΔΘΑ
1041 3455 1075 3509 V.

132 3527 173 3575 18.
194 3520 281 3577 κόνον
301 3541 327 3592 q.
419 3530 462 3579 21.
482 3523 552 3595 ἔστι]
572 3542 627 3583 om.
646 3526 679 3581 V.
771 3528 1001 3581 ΑΕΒΖΓΗΘΔ
1019 3525 1052 3580 V.
