2468 3952
148 185 211 248 146
518 187 718 238 Στοωωῐοκ
738 181 788 258 ιβ’.

145 330 426 404 ΑΞΒΟΓΠΔΡ
453 326 653 412 πολύγωνον
688 325 771 416 πρὸς
802 325 840 395 τὸ
870 333 1171 395 ΕΚΖΛΗΜΘΝ

145 433 359 519 πολύγωνον·
392 431 531 513 ἐναλλὰξ
561 431 627 520 ἄρα
655 431 699 512 ὡς
727 431 745 500 ὁ
769 439 903 501 ΑΒΓΔ
930 432 1052 513 κύκλος
1080 431 1167 518 πρὸς

145 538 183 608 τὸ
209 542 245 608 ἐν
268 536 358 631 αὐτῷ
382 539 598 625 πολύγωνον,
622 537 729 618 οὕτως
751 536 789 607 τὸ
814 547 848 605 Σ
869 544 994 625 χωρίον
1017 536 1104 625 πρὸς
1126 539 1164 606 τὸ

147 652 445 714 ΕΚΖΛΗΜΘΝ
464 645 672 731 πολύγωνον.
709 650 826 731 μείζων
850 644 888 713 δὲ
912 643 929 713 ὁ
949 650 1085 713 ΑΒΓΔ
1107 643 1166 712 κύ-

112 762 224 832 ῠκλος
250 756 311 821 τοῦ
340 754 376 820 ἐν
400 749 489 842 αὐτῷ
513 750 727 836 πολυγύνου·
755 756 867 836 μεῖζον
896 749 961 839 ἄρα
989 747 1108 819 καὶτὸ
1133 758 1168 819 Σ

145 865 270 949 χωρίον
303 861 364 925 τοῦ
397 863 695 925 ΕΚΖΛΗΜΘΝ
722 857 931 944 πολυγώνου.
986 855 1073 925 ἀλλὰ
1108 856 1165 924 καλ

147 972 296 1033 ἔλαττον·
322 964 403 1052 ὅπερ
427 963 516 1031 ἐστὶν
540 961 718 1031 ἀδύνατον.
765 961 828 1032 οὐκ
851 962 917 1054 ἄρα
940 964 1032 1032 ἐστὶν
1056 959 1103 1043 ὡς
1124 961 1163 1031 τὸ

145 1069 212 1140 ἀπὸ
237 1075 295 1157 τῆς
308 1077 377 1138 BA
399 1068 610 1157 τετράγωνον
633 1068 718 1156 πρὸς
740 1069 777 1137 τὸ
797 1067 863 1137 ἀπὸ
882 1073 941 1156 τῆς
956 1076 1032 1155 ΖΘ,
1057 1065 1165 1149 οὕτως

147 1176 318 1245 ὁΑΒΓΔ
339 1175 461 1255 κύκλος
484 1174 567 1261 πρὸς
590 1175 734 1244 ἔλασσόν
756 1202 788 1243 τι
806 1179 868 1243 τοῦ
883 1182 1017 1242 ΕΖΗΘ
1036 1173 1164 1243 κύκλου

94 1299 127 1348 10
146 1288 280 1370 χωρίον.
318 1280 442 1368 ὁμοίως
466 1280 507 1368 δὴ
527 1283 692 1368 δείξομεν,
717 1279 767 1349 ὅτι
791 1279 872 1349 οὐδὲ
895 1279 940 1361 ὡς
957 1279 995 1350 τὸ
1015 1278 1078 1350 ἄπλ
1103 1288 1164 1349 ΖΘ

146 1387 230 1474 πρὸς
252 1387 289 1455 τὸ
315 1384 379 1454 ἀπὸ
398 1393 481 1473 ΒΔ,
505 1385 612 1466 οὕτως
635 1385 804 1455 ὁΕΖΗΘ
827 1386 948 1466 κύκλος
965 1384 1049 1476 πρὸς
1068 1391 1162 1455 ἔλασ-

147 1493 210 1560 σόν
232 1519 264 1560 τι
286 1497 348 1560 τοῦ
371 1499 505 1562 ΑΒΓΔ
526 1492 654 1560 κύκλου
676 1499 810 1580 χωρίον.

236 1601 333 1685 Λέγω
357 1598 414 1685 δή,
443 1596 494 1666 ὅτι
519 1596 598 1666 οὐδὲ
626 1595 671 1677 ὡς
696 1597 735 1666 τὸ
758 1598 823 1668 ἀπὸ
846 1604 904 1686 τῆς
927 1606 996 1667 BA
1017 1599 1103 1687 πρὸς
1125 1597 1162 1667 τὸ

146 1703 211 1773 ἀπὸ
235 1709 294 1791 τῆς
318 1712 393 1789 ΖΘ,
418 1705 524 1784 οὕτως
547 1701 565 1773 ὁ
589 1711 724 1771 ΑΒΓΔ
746 1703 866 1785 κύκλος
889 1703 972 1794 πρὸς
994 1704 1109 1792 μεῖζόν
1131 1730 1163 1775 τι

93 1828 126 1878 15
145 1814 206 1879 τοῦ
228 1818 366 1879 ΕΖΗΘ
388 1809 514 1879 κύκλου
536 1816 670 1897 χωρίον.

213 1922 259 1985 Εἰ
283 1915 348 2005 γὰρ
377 1920 540 2002 δυνατόν,
570 1922 652 1985 ἔστω
680 1917 764 2008 πρὸς
791 1925 903 2005 μεῖζον
929 1920 967 1987 τὸ
992 1927 1032 1987 Σ.
1083 1917 1164 1988 ἄνολ-

145 2032 247 2093 παλιν
279 2023 345 2112 ἄρα
378 2025 497 2109 [ἐστὶν]
533 2022 576 2104 ὡς
607 2023 646 2092 τὸ
680 2021 744 2092 ἀπὸ
778 2029 836 2110 τῆς
864 2032 924 2093 ΖΘ
951 2030 1164 2114 τετράγωνον

145 2131 230 2218 πρὸς
252 2131 290 2198 τὸ
314 2128 379 2198 ἀπὸ
403 2135 462 2216 τῆς
486 2137 566 2214 ΔΒ,
598 2128 704 2208 οὕτως
729 2128 767 2197 τὸ
790 2139 826 2198 Σ
846 2137 971 2219 χωρίον
994 2130 1078 2222 πρὸς
1100 2131 1163 2201 τὸν

146 2242 280 2305 ΑΒΓΔ
298 2236 431 2304 κύκλον.
468 2233 540 2304 ἀλλ’
563 2233 607 2314 ὡς
621 2233 658 2302 τὸ
673 2243 708 2303 Σ
719 2241 844 2326 χωρίον
857 2236 941 2323 πρὸς
954 2235 1014 2306 τὸν
1028 2243 1163 2305 ΑΒΓΔ

92 2359 126 2408 20
145 2342 282 2427 κύκλον,
306 2339 413 2421 οὕτως
436 2339 454 2409 ὁ
478 2348 613 2410 ΕΖΗΘ
634 2340 756 2421 κύκλος
777 2341 862 2428 πρὸς
885 2343 1023 2412 ἔλαττόν
1045 2368 1078 2411 τι
1101 2347 1163 2411 τοῦ

145 2453 280 2515 ΑΒΓΔ
306 2447 432 2515 κύκλου
454 2453 593 2535 χωρίον·
620 2449 676 2515 καὶ
705 2446 750 2528 ὡς
779 2447 843 2534 ἄρα
867 2450 904 2517 τὸ
929 2447 995 2518 ἀπὸ
1018 2454 1078 2536 τῆς
1102 2455 1163 2518 ΖΘ

146 2552 230 2641 πρὸς
251 2551 289 2620 τὸ
319 2551 384 2620 ἀπὸ
406 2557 465 2639 τῆς
487 2560 572 2638 ΒΔ,
599 2550 714 2632 οὕτως·
737 2551 754 2621 ὁ
779 2562 914 2622 ΕΖΗΘ
936 2559 1057 2636 κύκλος
1078 2554 1164 2644 πρὸς

147 2658 289 2727 ἔλασσόν
312 2684 344 2725 τι
361 2668 423 2726 τοῦ
436 2663 570 2727 ΑΒΓΔ
587 2657 713 2727 κύκλου
727 2667 865 2746 χωρίον·
890 2662 971 2747 ὅπερ
991 2660 1162 2730 ἀδύνατον

146 2765 292 2852 ἐδείχθη.
343 2762 404 2832 ούκ
431 2764 497 2850 ἄρα
525 2765 616 2833 ἐστὶν
645 2763 688 2846 ὡς
715 2764 753 2834 τὸ
782 2763 847 2834 ἀπὸ
875 2779 933 2855 τῆς
956 2774 1024 2836 BA
1050 2767 1163 2856 τετρύ-

93 2889 126 2938 25
145 2898 259 2958 γωνον
282 2870 366 2957 πρὸς
387 2869 425 2938 τὸ
450 2868 513 2939 ἀπὸ
537 2875 595 2958 τῆς
614 2878 689 2959 ΖΘ,
713 2870 819 2953 οὕτως
843 2871 860 2941 ὁ
886 2880 1019 2943 ΑΒΓΔ
1040 2873 1163 2954 κύκλος

146 2976 230 3065 πρὸς
253 2977 364 3065 μεῖζόν
391 3003 423 3044 τι
445 2981 507 3045 τοῦ
531 2985 667 3045 ΕΖΗΘ
695 2977 822 3047 κύκλου
844 2987 977 3067 χωρίον.
1024 2983 1161 3068 ἐδείχθη

147 3087 195 3170 δέ,
219 3083 270 3152 ὅτι
294 3083 375 3152 οὐδὲ
397 3084 481 3175 πρὸς
504 3089 658 3152 ἔλασσον·
683 3089 773 3153 ἔστιν
796 3085 862 3172 ἄρα
885 3084 930 3166 ὡς
952 3086 989 3155 τὸ
1015 3085 1081 3155 ἀπὸ
1104 3097 1163 3174 τῆς

146 3196 215 3257 BA
232 3190 443 3280 τετράγωνον
462 3190 544 3278 πρὸς
561 3189 599 3259 τὸ
619 3187 683 3259 ἀπὸ
699 3194 758 3277 τῆς
772 3200 848 3280 ΖΘ,
873 3191 980 3273 οὕτως
994 3191 1012 3262 ὁ
1027 3200 1162 3261 ΑΒΓΔ

146 3295 267 3376 κύκλος
289 3295 372 3382 πρὸς
394 3297 456 3367 τὸν
479 3305 614 3367 ΕΖΗΘ
636 3297 768 3366 κύκλον.

219 3443 244 3492 3.
264 3434 296 3493 ἐν
315 3434 404 3513 αὐτῷ]
425 3442 660 3499 ΑΞΒΟΓΠΔΡ
675 3441 708 3496 V.
780 3448 805 3496 4.
826 3443 940 3514 μείζων]
960 3458 1029 3497 corr.
1050 3459 1084 3498 ex
1103 3449 1164 3513 μεῖ-

19 3508 23 3527 “
148 3508 196 3572 ζον
214 3527 250 3564 m.
272 3514 285 3561 1
305 3509 366 3564 BV.
433 3515 455 3565 5.
476 3512 541 3582 καί]
561 3529 646 3582 supra
665 3531 700 3567 m.
721 3510 782 3568 2B.
840 3520 863 3568 Ἰ.
884 3510 972 3586 ἐστίν]
992 3530 1046 3569 om.
1066 3514 1101 3569 V.
