2468 3952
496 121 677 173 APPENDIX
695 121 731 173 11.
1053 116 1118 180 417

104 265 190 329 ἐστω
217 257 238 345 ἡ
265 265 340 345 ΚΓ,
367 260 423 328 καὶ
450 259 546 347 ῦχθω
574 259 639 328 άπδ
668 265 729 328 τοῦ
752 266 787 327 K
811 263 951 346 σημείου
979 259 1030 327 ἐπὶ
1057 263 1121 344 τὴν

104 371 177 435 ΛΓ
199 367 340 445 κάθετος
367 363 388 452 ἡ
415 371 483 433 ΚΛ
511 366 566 433 καὶ
594 365 809 453 ἐκβεβλήσθω
837 366 890 434 ἐπὶ
917 362 955 433 τὸ
983 373 1038 452 Μ,
1065 366 1121 433 καὶ

105 471 358 557 ἐπεζεύχθωσαν
386 476 424 539 αῖ
448 478 529 558 ΚΓ,
556 478 637 540 ΓΜ.
687 473 824 559 ἑκατέρα
855 471 921 560 άρα
949 473 1017 539 τῶν
1045 477 1121 556 ΚΓ,

105 584 187 647 ΓΜ
203 577 405 664 πολυγώνου
432 578 635 666 ἰσοπλεύρου
662 580 731 648 ἐστὶ
758 577 884 665 πλευρὰ
906 581 967 646 τοῦ
991 581 1038 657 είς
1059 575 1122 644 τὸν
1227 626 1233 635 ·

106 691 241 752 ΑΒΓΔ
264 686 527 772 ἐγγραφομένου.
572 685 628 753 καὶ
656 685 726 753 ἐπεὶ
752 683 965 771 παράλληλός
987 686 1078 752 ἐστιν
1100 681 1121 768 ἡ

106 799 178 860 ΗΘ
197 795 238 880 τῇ
261 798 353 878 ΚΜ,
376 788 396 878 ἡ
422 792 460 860 δὲ
478 797 546 859 ΗΘ
569 790 747 876 ἐφάπτεται
769 801 831 859 τοῦ
850 797 912 857 ΕΖ
934 791 1077 875 κύκλου,
1100 787 1121 875 ἡ

107 903 193 966 ΚΜ
209 896 276 987 άρα
298 896 360 966 ούκ
383 898 561 985 ἐφάπτεται
583 902 645 965 τοῦ
663 904 695 964 E
702 904 728 964 Z
750 896 886 964 κύκλου.
920 901 1032 989 πολλῶ
1056 895 1123 982 άρα

108 1002 269 1093 ούδετέρα
295 1009 364 1072 τῶν
391 1010 471 1090 ΚΓ,
504 1010 581 1072 ΓΜ
604 1004 781 1090 ἐφάπτεται
808 1007 870 1071 τοῦ
898 1010 960 1071 ΒΖ
987 1002 1123 1071 κύκλου.

108 1109 170 1178 ἐάν
189 1108 255 1197 ἄρα
273 1115 313 1199 τῇ
329 1117 398 1179 ΚΓ
407 1115 601 1201 περιφερείᾳ
616 1117 689 1189 ῖσας
703 1115 913 1196 περιφερείας
926 1105 1124 1196 ἀφαιρῶμεν

107 1214 192 1283 κατά
215 1214 253 1283 τὸ
278 1217 351 1302 ἑξῆς
368 1216 424 1283 καὶ
444 1215 699 1303 ἐπιζευγνύομεν
718 1211 864 1301 εῦθείας,
888 1219 979 1283 ἔσται
998 1218 1045 1295 είς
1062 1212 1124 1282 τὸν

108 1327 243 1389 ΑΒΓΔ
265 1322 390 1390 κύκλον
408 1321 608 1409 πολύγωνον
631 1321 834 1410 ἰσόπλευρον
856 1323 1124 1411 ἐγγεγραμμένον

109 1426 155 1514 μὴ
178 1432 292 1508 ψαῦον
314 1433 376 1497 τοῦ
399 1431 581 1509 ἐλάσσονος
602 1427 728 1497 κύκλου
750 1439 811 1498 τοῦ
835 1435 912 1513 ΕΖ,
944 1429 999 1496 καὶ
1022 1454 1125 1515 φανε·

109 1533 187 1622 ρόν,
220 1536 271 1603 ὅτι
303 1535 341 1604 τὸ
375 1536 630 1623 ἐγγραφόμενον
656 1535 857 1622 πολύγωνον
885 1533 1125 1621 άρτιόπλευρόν

111 1645 216 1710 ἐστιν·
240 1640 321 1729 ὅπερ
346 1646 414 1710 ἐδει
437 1644 551 1724 δεῖξαι.

179 1853 254 1922 Δύο
278 1860 433 1941 σφαιρῶν
456 1856 532 1942 περὶ
550 1853 588 1924 τδ
608 1853 689 1922 αὐτὸ
709 1856 848 1944 κέντρον
868 1851 979 1923 οῦσῶν
998 1857 1045 1932 είς
1062 1852 1125 1940 τὴν
1146 1864 1180 1914 16

111 1965 246 2048 μείζονα
269 1973 417 2048 σφαῖραν
441 1958 577 2048 στερεὸν
600 1961 789 2051 πολύεδρον
811 1957 832 2047 ἢ
855 1960 911 2029 καὶ
934 1960 1127 2044 ἀρτιόπλευ-

111 2093 175 2152 ρον
199 2067 362 2153 ἐγγράψαι
385 2065 429 2154 μὴ
453 2071 567 2147 ψαῦον
589 2071 647 2154 τῆς
670 2066 851 2147 ἐλάσσονος
874 2072 1018 2154 σφαίρας
1040 2064 1123 2134 κατά

110 2172 174 2258 τὴν
199 2174 406 2259 ἐπιφάνειαν.

181 2282 430 2349 ἐννοείσθωσαν
459 2281 521 2348 δύο
546 2292 687 2366 σφαῖραι
714 2278 789 2364 περὶ
812 2276 850 2347 τὸ
878 2275 960 2346 αὐτὸ
988 2278 1128 2366 κε’ντρον

113 2379 213 2454 ούσαι
237 2384 273 2454 τὸ
298 2396 339 2453 Α.
380 2390 434 2454 δεῖ
455 2385 497 2472 δὴ
521 2389 569 2465 είς
591 2383 653 2472 τὴν
673 2388 806 2471 μείζονα
823 2396 973 2469 σφαῖραν
993 2381 1129 2472 στερεὸν

113 2492 303 2578 πολύεδρον
330 2492 385 2559 καί
409 2489 651 2579 ἀρτιόπλευρον
680 2488 844 2577 ἐγγράψαι
867 2487 912 2576 μὴ
936 2494 1048 2570 ψαῦον
1070 2493 1129 2574 τῆς

115 2598 297 2676 ἐλάσσονος
320 2603 473 2685 σφαίρας.
509 2590 751 2684 τετμήσθωσαν
770 2597 808 2663 αί
824 2607 965 2682 σφαῖραι
984 2594 1128 2684 ἐπιπέδῳ

115 2702 172 2771 διὰ
191 2714 253 2772 τοῦ
271 2705 421 2789 κέντρου.
454 2703 586 2789 ποιήσει
605 2701 647 2789 δὴ
666 2700 769 2789 τομάς
786 2706 960 2789 μεγίστους
978 2699 1130 2779 κύκλους

115 2815 250 2877 ποιείτω
277 2808 357 2890 τοῦς
384 2815 531 2895 ΑΒΓΔ,
560 2815 676 2894 ΕΖΗ,
706 2808 762 2876 καὶ
790 2813 872 2875 ἔστω
901 2805 918 2874 ὁ
947 2805 1008 2894 μὲν
1035 2811 1131 2873 ΒΓΔ

115 2915 238 2995 κύκλος
261 2918 299 2984 ἐν
321 2920 360 3004 τῇ
385 2921 510 3003 μείζονι
534 2921 678 3004 σφαίρᾳ,
703 2912 721 2983 ὁ
741 2913 779 2982 δὲ
797 2921 829 2982 Ε
836 2917 906 2981 ΖΗ
922 2914 960 2981 έν
977 2916 1017 3002 τῇ
1036 2911 1132 2980 ἐλάσ-

117 3041 202 3090 σονι.
248 3022 304 3089 καὶ
326 3021 489 3108 ῦχθοοσαν
511 3025 572 3090 τοῦ
594 3026 692 3088 ΒΓΔ
713 3018 841 3087 κύκλου
869 3019 932 3087 δύο
961 3018 1132 3106 διάμετροι

116 3130 200 3215 πρὸς
223 3127 332 3216 ὀρθάς
361 3127 519 3214 ἀλλήλαις
546 3129 585 3195 αί
603 3133 682 3212 ΒΕ,
711 3131 781 3193 ΓΔ.
825 3126 882 3194 καὶ
909 3125 973 3194 δύο
1000 3124 1132 3192 κύκλων

117 3237 193 3321 περὶ
215 3234 252 3302 τὸ
278 3233 361 3303 αύτδ
379 3235 519 3321 κέντρον
538 3233 646 3303 ὅντων
666 3238 781 3318 ΒΓΔ,
801 3238 907 3299 ΕΖΗ
921 3235 969 3311 είς
985 3227 1045 3298 τὸν
1064 3233 1132 3315 μεί·

120 3346 198 3421 ζονα
221 3340 346 3409 κύκλον
368 3338 429 3410 τὸν
453 3347 549 3409 ΒΓΔ
570 3339 771 3426 πολύγωνον
794 3335 997 3425 ἰσόπλευρόν
1019 3360 1054 3403 τε
1076 3334 1133 3402 καὶ

118 3443 363 3532 ἀρτιόπλευρον
395 3445 616 3534 ἐγγεγράφθω
649 3444 693 3532 μὴ
720 3446 837 3526 ψαῦον
863 3446 924 3512 τοῦ
952 3440 1135 3520 ἐλάσσονος

172 3563 320 3616 Euclides,
337 3564 387 3604 edd.
401 3563 503 3614 Heiberg
517 3567 540 3604 et
553 3563 641 3612 Μετιςο.
661 3561 702 3603 IV.
938 3552 973 3603 2⁷
