2468 3952
154 202 220 265 212
529 207 733 259 ΠΟΙΣΕΙΩΚ
750 201 801 274 ιγ’.

154 343 219 409 καὶ
237 334 360 429 μύσον
382 347 504 432 λόγον
527 349 726 434 τέτμηται.
749 348 812 413 καὶ
832 343 876 412 τὸ
895 349 1029 431 μεῖζον
1047 339 1167 427 αὐτῆς

154 449 285 534 τμῆμά
307 453 417 518 ἐστιν
441 451 460 538 ἡ
482 457 555 521 τοῦ
577 454 783 539 ἑξαγόνου
804 448 965 535 πλευρά.

213 555 322 623 Ἐστω
344 559 466 639 κύκλος
489 557 507 627 ὁ
532 566 647 645 ΑΒΓ,
669 561 725 626 καὶ
747 564 816 626 τῶν
838 562 887 636 εἴς
907 553 967 623 τὸν
990 559 1096 623 ΑΒΓ
1114 551 1169 620 κύ-

154 669 238 729 κλον
265 666 528 751 ἐγγραφομένου
555 666 750 753 σχημάτων.
777 663 971 750 δεκαγώνου
996 661 1059 748 μὲν
1088 665 1168 727 ἔστω

119 768 282 854 bulmo&
304 770 325 855 ἡ
350 777 423 855 ΒΓ,
450 772 622 857 ἑξαγώνου
649 772 687 840 δὲ
714 772 735 857 ἡ
760 777 836 854 ΓΔ,
865 769 918 836 καὶ
943 773 1094 834 ἔστωσαν
1119 767 1167 832 ἐπ’

155 873 305 956 εὐθείας·
337 879 439 963 λέγω,
472 878 524 946 ὅτι
552 877 572 965 ἡ
600 878 662 964 ὅλη
690 875 809 946 εὐθεῖα
834 876 856 962 ἡ
885 883 948 942 ΒΔ
979 872 1088 959 ἄκρον
1116 870 1170 938 καὶ

155 984 260 1068 μέσον
291 984 397 1069 λόγον
427 987 597 1071 τέτμηται,
628 987 683 1053 καί
714 983 753 1052 τὸ
786 989 897 1069 μεῖζον
929 978 1034 1065 αὐτῆς
1058 976 1170 1065 ’τμῆμά

156 1091 247 1156 ἐστιν
269 1090 291 1175 ἡ
315 1096 387 1158 ΓΔ.

224 1197 391 1282 Εἰλήφθω
410 1196 476 1284 γὰρ
493 1199 533 1266 τὸ
549 1200 691 1284 κέντρον
708 1201 770 1265 τοῦ
783 1195 910 1263 κύκλον
922 1192 960 1260 τὸ
976 1199 1008 1259 Ε
1020 1204 1170 1276 σημεῖον,

105 1326 138 1374 10
157 1301 211 1366 καῖ
240 1302 493 1388 ἐπεζεύχθωσαν
519 1308 558 1370 αι’
584 1311 662 1389 ΕΒ,
690 1310 768 1388 ΕΓ,
796 1309 879 1387 ΕΔ,
908 1299 963 1366 παῖ
991 1300 1124 1384 διήχθω
1151 1295 1171 1382 ἡ

158 1414 225 1475 ΒΕ
250 1409 302 1476 ἐπὶ
333 1409 371 1477 τὸ
401 1421 442 1478 A.
491 1411 561 1478 ἐπεὶ
589 1409 785 1495 δεκαγώνου
812 1405 1015 1491 ἰσοπλεύρου
1044 1401 1172 1488 πλευρά

160 1517 251 1580 ἐστιν
278 1511 299 1599 ἡ
327 1521 400 1599 ΒΓ,
426 1522 683 1584 πενταπλασίων
709 1515 777 1599 ἄρα
803 1515 825 1601 ἡ
853 1519 952 1581 ΑΓΒ
979 1512 1173 1597 περιφέρεια

159 1623 217 1705 τῆς
239 1626 306 1688 ΒΓ
328 1629 551 1709 περιφερείας·
578 1629 825 1709 τετραπλασίων
852 1619 919 1703 ἄρα
945 1617 966 1705 ἡ
990 1622 1060 1684 ΑΓ
1083 1641 1172 1702 περι-

159 1728 276 1812 φέρεια
303 1730 362 1813 τῆς
385 1733 455 1796 ΓΒ.
506 1728 552 1807 ὡς
579 1729 618 1796 δὲ
645 1727 666 1815 ἡ
690 1735 764 1815 ΑΓ,
780 1727 973 1812 περιφέρεια
999 1722 1085 1811 πρὸς
1111 1721 1173 1808 τὴν

107 1855 140 1903 15
159 1838 236 1919 ΓΒ,
264 1831 371 1912 οὕτως
392 1833 414 1920 ἡ
437 1835 503 1902 ὑπὸ
529 1840 633 1902 ΑΕΓ
651 1840 758 1920 γωνία
779 1832 865 1919 πρὸς
886 1831 949 1918 τὴν
971 1828 1038 1898 ὑπὸ
1062 1835 1172 1897 ΓΕΒ·

159 1945 407 2024 τετραπλασίων
434 1938 501 2026 ἄρα
527 1938 548 2026 ἡ
575 1938 643 2009 ὑπὸ
666 1947 769 2008 ΑΕΓ
791 1943 849 2026 τῆς
876 1935 943 2008 ὑπὸ
967 1943 1072 2005 ΓΕΒ.
1117 1935 1173 2002 καὶ

151 2046 230 2114 ἐπεὶ
260 2055 315 2130 ἴση
343 2044 364 2131 ἡ
396 2046 463 2114 ὑπὸ
492 2053 593 2115 ΕΒΓ
616 2056 722 2133 γωνία
753 2051 793 2136 τῇ
821 2046 888 2114 ὑπὸ
917 2049 1026 2128 ΕΓΒ,
1057 2042 1079 2129 ἡ
1108 2043 1174 2127 ἄρα

159 2151 225 2219 ὑπὸ
249 2158 354 2219 ΑΕΓ
377 2158 484 2238 γωνία
512 2156 672 2221 διπλασία
699 2154 766 2220 ε’στῖ
795 2157 853 2239 της
880 2152 945 2220 ὑπὸ
969 2155 1073 2219 ΕΓΒ.
1119 2148 1174 2215 καὶ

162 2257 231 2323 ἐπεὶ
264 2265 319 2343 ἴση
352 2259 443 2326 ἐστίν
475 2259 496 2345 ἡ
523 2266 590 2328 ΕΓ
617 2258 735 2326 εὐθεῖα
767 2264 807 2347 τῇ
835 2265 909 2327 ΓΛ·
942 2257 1078 2347 ἑκατέρα
1110 2252 1174 2340 γὰρ

108 2383 143 2431 20
162 2359 273 2429 αὐτῶν
296 2370 352 2448 ἴση
377 2365 446 2431 ἐστὶ
469 2370 509 2452 τῇ
531 2370 593 2433 τοῦ
616 2365 787 2451 ἑξαγώνου
809 2369 937 2452 πλευρᾷ
964 2367 1026 2431 τοῦ
1049 2366 1097 2440 εἴς
1114 2364 1174 2428 τὸν

161 2473 265 2535 ΑΒΓ
292 2466 416 2535 κύκλον
450 2472 747 2558 [ἐγγραφομένου]·
780 2479 836 2557 ἴση
869 2470 940 2538 ἐστὶ
971 2469 1028 2536 καὶ
1059 2465 1079 2554 ἡ
1108 2464 1174 2534 ὑπὸ

162 2579 259 2641 ΓΕΔ
290 2579 395 2658 γωνία
427 2579 467 2663 τῇ
499 2574 565 2644 ὑπὸ
594 2583 693 2644 ΓΔΕ
718 2584 837 2667 γωνία·
871 2580 1029 2644 διπλασία
1055 2573 1120 2659 ἄρα
1153 2572 1174 2659 ἡ

160 2679 227 2748 ὑπὸ
253 2686 348 2748 ΕΓΒ
371 2688 477 2766 γωνία
499 2687 558 2769 τῆς
579 2680 645 2750 ὑπὸ
665 2689 770 2751 ΕΔΓ.
806 2681 891 2750 ἀλλὰ
914 2685 972 2768 τῆς
993 2679 1059 2748 ὑπὸ
1080 2685 1175 2747 ΕΓΒ

162 2789 321 2853 διπλασία
354 2789 489 2873 ἐδείχθη
522 2788 542 2873 ἡ
573 2787 640 2857 ὑπὸ
669 2794 781 2856 ΑΕΓ·
814 2793 1033 2872 τετραπλασία
1060 2783 1127 2871 ἄρα
1155 2784 1175 2870 ἡ

110 2912 144 2960 25
162 2890 229 2960 ὑπὸ
258 2897 361 2959 ΑΕΓ
384 2896 442 2979 τῆς
467 2893 534 2961 ὑπὸ
562 2900 668 2962 ΕΔΓ.
714 2897 849 2980 ἐδείχθη
878 2891 916 2959 δὲ
942 2893 997 2958 καὶ
1024 2895 1083 2977 τῆς
1109 2891 1176 2958 ὑπὸ

164 3003 263 3066 ΒΕΓ
282 3005 501 3085 τετραπλασία
524 2997 545 3084 ἡ
568 2997 634 3067 ὑπὸ
656 3005 765 3067 ΑΕΓ·
790 3008 845 3083 ἴση
869 2996 934 3085 ἄρα
952 2997 973 3082 ἡ
992 2994 1059 3065 ὑπὸ
1080 3001 1182 3065 ΕΔΓ

236 3180 260 3228 1.
279 3175 344 3244 καί]
360 3175 457 3244 (prius)
472 3193 541 3231 corr.
561 3192 595 3231 ex
613 3173 687 3230 κατά
705 3195 741 3232 m.
761 3192 815 3231 τοο.
830 3175 861 3231 Ρ.
918 3182 941 3230 ἵ.
960 3175 1027 3229 Post
1045 3171 1180 3242 τέτμηται

164 3245 228 3300 add.
247 3242 320 3299 κατὰ
339 3243 561 3314 16FV,Bm.
581 3252 606 3301 2.
663 3254 704 3303 11.
719 3251 771 3301 ΕΒ
790 3247 817 3302 b.
872 3247 944 3301 Ante
964 3241 1111 3300 ε’πείοδά.
1131 3247 1183 3299 καί

164 3314 351 3383 BVq‚Pm.
370 3321 395 3370 2.
469 3317 518 3372 τοῦ
538 3318 635 3387 δεκαγ.
655 3337 682 3388 q.
757 3315 1179 3389 12.AFB]inras.m.2V‚

165 3386 270 3438 Badd.
289 3404 325 3440 m.
344 3403 399 3441 rec.
417 3388 444 3441 b.
519 3394 560 3442 13.
580 3393 738 3443 ΒΓ-14.
757 3389 819 3460 τῆς]
839 3405 893 3443 om.
912 3388 938 3443 b.
1015 3393 1057 3442 16.
1078 3387 1179 3459 ΑΕΓ]

167 3458 193 3507 Γ
209 3471 279 3509 corr.
298 3474 333 3510 ex
354 3463 373 3510 Β
392 3477 428 3512 m.
447 3475 502 3512 rec,
521 3460 547 3514 b.
631 3466 672 3514 16.
692 3457 748 3527 ἄρα
769 3457 843 3514 ἐστίν
862 3461 892 3514 Ρ.
976 3464 1017 3513 17.
1037 3460 1083 3527 ἴση
1104 3455 1180 3514 ἐστίν

166 3525 195 3578 Ρ.
289 3531 329 3580 18.
349 3529 449 3599 ΑΕΓ]
470 3532 549 3582 ΕΑΓ
566 3530 596 3596 Β1
617 3548 686 3587 corr.
704 3551 740 3586 m.
761 3537 785 3584 2.
878 3531 1031 3584 διπλασίων
1049 3528 1083 3584 V.

81 3614 133 3712 Ν
