<?xml version="1.0" encoding="UTF-8"?>
<!DOCTYPE html PUBLIC "-//W3C//DTD XHTML 1.0 Transitional//EN"
    "http://www.w3.org/TR/xhtml1/DTD/xhtml1-transitional.dtd">
<html xmlns="http://www.w3.org/1999/xhtml" xml:lang="en" lang="en">
 <head>
  <title>
</title>
<meta http-equiv="Content-Type" content="text/html;charset=utf-8" />
  <meta name='ocr-system' content='tesseract 3.04.00' />
  <meta name='ocr-capabilities' content='ocr_page ocr_carea ocr_par ocr_line ocrx_word'/>
</head>
<body>
  <div class='ocr_page' id='page_1' title='image "./euclidisoperaom00unkngoog_0216.png"; bbox 0 0 2468 3952; ppageno 0'>
   <div class='ocr_carea' id='block_1_1' title="bbox 348 199 1090 266">
    <p class='ocr_par' dir='ltr' id='par_1_1' title="bbox 348 199 1090 266">
     <span class='ocr_line' id='line_1_1' title="bbox 348 199 1090 266; baseline 0.022 -16"><span class='ocrx_word' id='word_1_1' title='bbox 348 203 624 256; x_wconf 81' lang='lat' dir='ltr'>nnuunuronuu</span> <span class='ocrx_word' id='word_1_2' title='bbox 640 203 750 253; x_wconf 70' lang='lat' dir='ltr'>nnana</span> <span class='ocrx_word' id='word_1_3' title='bbox 767 203 828 256; x_wconf 73' lang='grc' dir='ltr'>ΧΠ.</span> <span class='ocrx_word' id='word_1_4' title='bbox 1025 199 1090 266; x_wconf 79' lang='lat'>201</span> 
     </span>
    </p>
   </div>
   <div class='ocr_carea' id='block_1_2' title="bbox 74 344 1095 1385">
    <p class='ocr_par' dir='ltr' id='par_1_2' title="bbox 74 344 1095 1385">
     <span class='ocr_line' id='line_1_2' title="bbox 75 344 1092 429; baseline 0 -18"><span class='ocrx_word' id='word_1_5' title='bbox 75 347 187 427; x_wconf 70' lang='lat' dir='ltr'>rimus,</span> <span class='ocrx_word' id='word_1_6' title='bbox 209 345 315 410; x_wconf 85' lang='lat' dir='ltr'>frusta</span> <span class='ocrx_word' id='word_1_7' title='bbox 338 344 496 429; x_wconf 77' lang='lat' dir='ltr'>quaedam</span> <span class='ocrx_word' id='word_1_8' title='bbox 515 345 588 409; x_wconf 86' lang='lat' dir='ltr'>eoni</span> <span class='ocrx_word' id='word_1_9' title='bbox 605 344 823 428; x_wconf 87' lang='lat' dir='ltr'>relinquemus</span> <span class='ocrx_word' id='word_1_10' title='bbox 842 346 969 410; x_wconf 91' lang='lat' dir='ltr'>minora</span> <span class='ocrx_word' id='word_1_11' title='bbox 987 344 1092 411; x_wconf 90' lang='lat' dir='ltr'>solido</span> 
     </span>
     <span class='ocr_line' id='line_1_3' title="bbox 81 451 1092 536; baseline 0 -20"><span class='ocrx_word' id='word_1_12' title='bbox 81 456 119 517; x_wconf 79' lang='grc' dir='ltr'><strong>Ψ</strong></span> <span class='ocrx_word' id='word_1_13' title='bbox 141 451 199 534; x_wconf 87' lang='grc' dir='ltr'>[Χ,</span> <span class='ocrx_word' id='word_1_14' title='bbox 226 453 269 533; x_wconf 78' lang='lat' dir='ltr'>ll.</span> <span class='ocrx_word' id='word_1_15' title='bbox 313 452 539 536; x_wconf 85' lang='lat' dir='ltr'>relinquantur</span> <span class='ocrx_word' id='word_1_16' title='bbox 571 453 604 514; x_wconf 88' lang='lat' dir='ltr'>et</span> <span class='ocrx_word' id='word_1_17' title='bbox 632 451 697 515; x_wconf 86' lang='lat' dir='ltr'>sint</span> <span class='ocrx_word' id='word_1_18' title='bbox 724 473 776 536; x_wconf 90' lang='lat' dir='ltr'>ea,</span> <span class='ocrx_word' id='word_1_19' title='bbox 808 473 889 535; x_wconf 87' lang='lat' dir='ltr'>quae</span> <span class='ocrx_word' id='word_1_20' title='bbox 918 452 953 515; x_wconf 92' lang='lat' dir='ltr'>in</span> <span class='ocrx_word' id='word_1_21' title='bbox 980 456 1092 536; x_wconf 90' lang='grc' dir='ltr'><em>ΘΟΕ,</em></span> 
     </span>
     <span class='ocr_line' id='line_1_4' title="bbox 76 557 1091 641; baseline -0.002 -17"><span class='ocrx_word' id='word_1_22' title='bbox 76 563 192 641; x_wconf 89' lang='grc' dir='ltr'><em>ΕΠΖ,</em></span> <span class='ocrx_word' id='word_1_23' title='bbox 207 560 319 641; x_wconf 87' lang='grc' dir='ltr'><em>ΖΡΗ,</em></span> <span class='ocrx_word' id='word_1_24' title='bbox 329 560 434 622; x_wconf 97' lang='grc' dir='ltr'>ΗΣΘ</span> <span class='ocrx_word' id='word_1_25' title='bbox 447 558 556 641; x_wconf 83' lang='lat' dir='ltr'>posita</span> <span class='ocrx_word' id='word_1_26' title='bbox 570 560 655 622; x_wconf 89' lang='lat' dir='ltr'>sunt.</span> <span class='ocrx_word' id='word_1_27' title='bbox 677 557 790 641; x_wconf 87' lang='lat' dir='ltr'>itaque</span> <span class='ocrx_word' id='word_1_28' title='bbox 800 578 882 641; x_wconf 85' lang='lat' dir='ltr'>quae</span> <span class='ocrx_word' id='word_1_29' title='bbox 896 557 1091 641; x_wconf 79' lang='lat' dir='ltr'>relinquitur</span> 
     </span>
     <span class='ocr_line' id='line_1_5' title="bbox 74 663 1091 749; baseline -0.002 -20"><span class='ocrx_word' id='word_1_30' title='bbox 74 664 237 749; x_wconf 81' lang='lat' dir='ltr'>pyramis,</span> <span class='ocrx_word' id='word_1_31' title='bbox 267 664 358 729; x_wconf 84' lang='lat' dir='ltr'>cuius</span> <span class='ocrx_word' id='word_1_32' title='bbox 385 664 473 728; x_wconf 89' lang='lat' dir='ltr'>basis</span> <span class='ocrx_word' id='word_1_33' title='bbox 497 665 548 727; x_wconf 85' lang='lat' dir='ltr'>est</span> <span class='ocrx_word' id='word_1_34' title='bbox 573 663 776 747; x_wconf 84' lang='lat' dir='ltr'>polygonum</span> <span class='ocrx_word' id='word_1_35' title='bbox 799 666 1091 748; x_wconf 79' lang='grc' dir='ltr'><em>ΘΟΕΠΖΡΗΣ,</em></span> 
     </span>
     <span class='ocr_line' id='line_1_6' title="bbox 76 768 1090 852; baseline -0.002 -17"><span class='ocrx_word' id='word_1_36' title='bbox 76 769 215 835; x_wconf 84' lang='lat' dir='ltr'>altitudo</span> <span class='ocrx_word' id='word_1_37' title='bbox 249 774 357 834; x_wconf 86' lang='lat' dir='ltr'>autem</span> <span class='ocrx_word' id='word_1_38' title='bbox 386 769 497 833; x_wconf 87' lang='lat' dir='ltr'>eadem</span> <span class='ocrx_word' id='word_1_39' title='bbox 525 790 563 833; x_wconf 83' lang='lat' dir='ltr'>aa</span> <span class='ocrx_word' id='word_1_40' title='bbox 595 768 681 852; x_wconf 85' lang='lat' dir='ltr'>coni,</span> <span class='ocrx_word' id='word_1_41' title='bbox 713 769 818 833; x_wconf 89' lang='lat' dir='ltr'>maior</span> <span class='ocrx_word' id='word_1_42' title='bbox 845 772 895 833; x_wconf 81' lang='lat' dir='ltr'>est</span> <span class='ocrx_word' id='word_1_43' title='bbox 922 768 1026 832; x_wconf 89' lang='lat' dir='ltr'>solido</span> <span class='ocrx_word' id='word_1_44' title='bbox 1054 768 1090 841; x_wconf 75' lang='grc' dir='ltr'>Ξ.</span> 
     </span>
     <span class='ocr_line' id='line_1_7' title="bbox 76 875 1094 960; baseline -0.004 -19"><span class='ocrx_word' id='word_1_45' title='bbox 76 877 175 942; x_wconf 88' lang='lat' dir='ltr'>etiam</span> <span class='ocrx_word' id='word_1_46' title='bbox 211 876 246 940; x_wconf 94' lang='lat' dir='ltr'>in</span> <span class='ocrx_word' id='word_1_47' title='bbox 283 875 403 940; x_wconf 82' lang='lat' dir='ltr'>circulo</span> <span class='ocrx_word' id='word_1_48' title='bbox 439 878 575 939; x_wconf 87' lang='grc' dir='ltr'><em>ΑΒΓΔ</em></span> <span class='ocrx_word' id='word_1_49' title='bbox 610 875 777 960; x_wconf 88' lang='lat' dir='ltr'>polygono</span> <span class='ocrx_word' id='word_1_50' title='bbox 812 877 1094 939; x_wconf 83' lang='grc' dir='ltr'><em>ΘΟΕΠΖΡΗΣ</em></span> 
     </span>
     <span class='ocr_line' id='line_1_8' title="bbox 75 981 1095 1067; baseline -0.003 -19"><span class='ocrx_word' id='word_1_51' title='bbox 75 982 182 1048; x_wconf 89' lang='lat' dir='ltr'>simile</span> <span class='ocrx_word' id='word_1_52' title='bbox 205 986 239 1047; x_wconf 90' lang='lat' dir='ltr'>et</span> <span class='ocrx_word' id='word_1_53' title='bbox 262 983 412 1046; x_wconf 86' lang='lat' dir='ltr'>similiter</span> <span class='ocrx_word' id='word_1_54' title='bbox 430 983 573 1064; x_wconf 88' lang='lat' dir='ltr'>positum</span> <span class='ocrx_word' id='word_1_55' title='bbox 593 981 794 1067; x_wconf 81' lang='lat' dir='ltr'>polygonum</span> <span class='ocrx_word' id='word_1_56' title='bbox 809 984 1095 1046; x_wconf 72' lang='grc' dir='ltr'><em>ΔΤΑΥΒΦΓΧ</em></span> 
     </span>
     <span class='ocr_line' id='line_1_9' title="bbox 74 1086 1091 1171; baseline -0.001 -18"><span class='ocrx_word' id='word_1_57' title='bbox 74 1089 273 1153; x_wconf 80' lang='lat' dir='ltr'>inscribatur</span> <span class='ocrx_word' id='word_1_58' title='bbox 293 1088 363 1169; x_wconf 84' lang='lat' dir='ltr'>[ofr.</span> <span class='ocrx_word' id='word_1_59' title='bbox 382 1086 438 1171; x_wconf 90' lang='lat' dir='ltr'>VI,</span> <span class='ocrx_word' id='word_1_60' title='bbox 460 1088 524 1169; x_wconf 87' lang='grc'>18],</span> <span class='ocrx_word' id='word_1_61' title='bbox 548 1092 581 1151; x_wconf 88' lang='lat' dir='ltr'>et</span> <span class='ocrx_word' id='word_1_62' title='bbox 602 1087 694 1152; x_wconf 90' lang='lat' dir='ltr'>ineo</span> <span class='ocrx_word' id='word_1_63' title='bbox 716 1087 862 1170; x_wconf 88' lang='lat' dir='ltr'>pyramis</span> <span class='ocrx_word' id='word_1_64' title='bbox 882 1091 1091 1152; x_wconf 78' lang='lat' dir='ltr'>construatur</span> 
     </span>
     <span class='ocr_line' id='line_1_10' title="bbox 75 1193 1090 1278; baseline -0.001 -20"><span class='ocrx_word' id='word_1_65' title='bbox 75 1194 211 1259; x_wconf 86' lang='lat' dir='ltr'>eandem</span> <span class='ocrx_word' id='word_1_66' title='bbox 239 1194 445 1259; x_wconf 81' lang='lat' dir='ltr'>altitudinem</span> <span class='ocrx_word' id='word_1_67' title='bbox 477 1193 615 1278; x_wconf 89' lang='lat' dir='ltr'>habens,</span> <span class='ocrx_word' id='word_1_68' title='bbox 647 1215 744 1278; x_wconf 88' lang='lat' dir='ltr'>quam</span> <span class='ocrx_word' id='word_1_69' title='bbox 772 1214 871 1258; x_wconf 81' lang='lat' dir='ltr'>conus</span> <span class='ocrx_word' id='word_1_70' title='bbox 898 1196 972 1260; x_wconf 87' lang='grc' dir='ltr'>ΑΛ.</span> <span class='ocrx_word' id='word_1_71' title='bbox 1024 1194 1090 1257; x_wconf 87' lang='lat' dir='ltr'>iam</span> 
     </span>
     <span class='ocr_line' id='line_1_11' title="bbox 74 1302 304 1385; baseline 0 -20"><span class='ocrx_word' id='word_1_72' title='bbox 74 1302 230 1385; x_wconf 86' lang='lat' dir='ltr'>quoniam</span> <span class='ocrx_word' id='word_1_73' title='bbox 254 1304 304 1366; x_wconf 83' lang='lat' dir='ltr'>est</span> 
     </span>
    </p>
   </div>
   <div class='ocr_carea' id='block_1_3' title="bbox 75 1420 1090 1508">
    <p class='ocr_par' dir='ltr' id='par_1_3' title="bbox 75 1420 1090 1508">
     <span class='ocr_line' id='line_1_12' title="bbox 75 1420 1090 1508; baseline 0.002 -21"><span class='ocrx_word' id='word_1_74' title='bbox 75 1420 921 1488; x_wconf 41' lang='grc' dir='ltr'>ΑΓΗΕΗΒΞΔΤΑΓΒΦΓΧτΘΟΕΠΖΡΗΣ</span> <span class='ocrx_word' id='word_1_75' title='bbox 934 1423 1090 1508; x_wconf 87' lang='lat' dir='ltr'>[prop.I],</span> 
     </span>
    </p>
   </div>
   <div class='ocr_carea' id='block_1_4' title="bbox 74 1543 1090 1844">
    <p class='ocr_par' dir='ltr' id='par_1_4' title="bbox 74 1543 1090 1844">
     <span class='ocr_line' id='line_1_13' title="bbox 74 1543 1090 1632; baseline -0.001 -20"><span class='ocrx_word' id='word_1_76' title='bbox 74 1551 109 1612; x_wconf 88' lang='lat' dir='ltr'>et</span> <span class='ocrx_word' id='word_1_77' title='bbox 132 1543 213 1612; x_wconf 61' lang='lat' dir='ltr'>Am</span> <span class='ocrx_word' id='word_1_78' title='bbox 228 1571 234 1612; x_wconf 94' lang='lat'><strong>:</strong></span> <span class='ocrx_word' id='word_1_79' title='bbox 250 1546 535 1614; x_wconf 79' lang='lat' dir='ltr'><em>EH²=ABFA</em></span> <span class='ocrx_word' id='word_1_80' title='bbox 549 1571 556 1611; x_wconf 92' lang='lat'><strong>:</strong></span> <span class='ocrx_word' id='word_1_81' title='bbox 571 1551 707 1611; x_wconf 91' lang='grc' dir='ltr'><em>ΕΖΗΘ</em></span> <span class='ocrx_word' id='word_1_82' title='bbox 722 1548 825 1630; x_wconf 86' lang='lat' dir='ltr'>[prop.</span> <span class='ocrx_word' id='word_1_83' title='bbox 838 1545 899 1632; x_wconf 90' lang='lat' dir='ltr'>H],</span> <span class='ocrx_word' id='word_1_84' title='bbox 914 1547 976 1611; x_wconf 87' lang='lat' dir='ltr'>erit</span> <span class='ocrx_word' id='word_1_85' title='bbox 989 1549 1090 1612; x_wconf 85' lang='lat' dir='ltr'>etiam</span> 
     </span>
     <span class='ocr_line' id='line_1_14' title="bbox 74 1653 1089 1718; baseline 0.001 -1"><span class='ocrx_word' id='word_1_86' title='bbox 74 1656 382 1718; x_wconf 74' lang='grc' dir='ltr'>ΑΒΓΔτΕΖΗΘ</span> <span class='ocrx_word' id='word_1_87' title='bbox 397 1683 439 1707; x_wconf 89' lang='lat'>=</span> <span class='ocrx_word' id='word_1_88' title='bbox 455 1653 1089 1718; x_wconf 71' lang='grc' dir='ltr'>ΔΤΑΥΒΦΓΧτΘΟΕΠΖΡΗΣ.</span> 
     </span>
     <span class='ocr_line' id='line_1_15' title="bbox 75 1758 847 1844; baseline -0.003 -20"><span class='ocrx_word' id='word_1_89' title='bbox 75 1781 188 1824; x_wconf 88' lang='lat' dir='ltr'>uerum</span> <span class='ocrx_word' id='word_1_90' title='bbox 212 1763 345 1824; x_wconf 90' lang='grc' dir='ltr'><em>ΑΒΓΔ</em></span> <span class='ocrx_word' id='word_1_91' title='bbox 359 1783 367 1823; x_wconf 89' lang='lat'>:</span> <span class='ocrx_word' id='word_1_92' title='bbox 381 1763 518 1824; x_wconf 90' lang='grc' dir='ltr'><em>ΕΖΗΘ</em></span> <span class='ocrx_word' id='word_1_93' title='bbox 532 1789 575 1812; x_wconf 93' lang='lat'>=</span> <span class='ocrx_word' id='word_1_94' title='bbox 589 1762 654 1823; x_wconf 87' lang='grc' dir='ltr'>ΑΛ</span> <span class='ocrx_word' id='word_1_95' title='bbox 668 1783 676 1824; x_wconf 92' lang='lat'>:</span> <span class='ocrx_word' id='word_1_96' title='bbox 690 1758 731 1844; x_wconf 74' lang='grc' dir='ltr'>Ξ,</span> <span class='ocrx_word' id='word_1_97' title='bbox 755 1763 788 1823; x_wconf 88' lang='lat' dir='ltr'>et</span> <span class='ocrx_word' id='word_1_98' title='bbox 810 1763 847 1822; x_wconf 82' lang='lat' dir='ltr'>ut</span> 
     </span>
    </p>
   </div>
   <div class='ocr_carea' id='block_1_5' title="bbox 276 1885 889 1966">
    <p class='ocr_par' dir='ltr' id='par_1_5' title="bbox 276 1885 889 1966">
     <span class='ocr_line' id='line_1_16' title="bbox 276 1885 889 1966; baseline -0.002 -19"><span class='ocrx_word' id='word_1_99' title='bbox 276 1886 560 1949; x_wconf 73' lang='grc' dir='ltr'><em>ΔΤΑΥΒΦΓΧ</em></span> <span class='ocrx_word' id='word_1_100' title='bbox 570 1906 578 1947; x_wconf 89' lang='lat'>:</span> <span class='ocrx_word' id='word_1_101' title='bbox 592 1885 889 1966; x_wconf 88' lang='grc' dir='ltr'><em>ΘΟΕΠΖΡΗΣ,</em></span> 
     </span>
    </p>
   </div>
   <div class='ocr_carea' id='block_1_6' title="bbox 71 1994 1089 3046">
    <p class='ocr_par' dir='ltr' id='par_1_6' title="bbox 71 1994 1089 3046">
     <span class='ocr_line' id='line_1_17' title="bbox 74 1994 1089 2092; baseline 0.001 -23"><span class='ocrx_word' id='word_1_102' title='bbox 74 2006 122 2070; x_wconf 85' lang='lat' dir='ltr'>ita</span> <span class='ocrx_word' id='word_1_103' title='bbox 141 2007 294 2091; x_wconf 83' lang='lat' dir='ltr'>pyramis,</span> <span class='ocrx_word' id='word_1_104' title='bbox 314 1994 403 2072; x_wconf 86' lang='lat' dir='ltr'>euius</span> <span class='ocrx_word' id='word_1_105' title='bbox 417 2008 507 2073; x_wconf 88' lang='lat' dir='ltr'>basis</span> <span class='ocrx_word' id='word_1_106' title='bbox 523 2012 572 2072; x_wconf 86' lang='lat' dir='ltr'>est</span> <span class='ocrx_word' id='word_1_107' title='bbox 585 2008 786 2092; x_wconf 82' lang='lat' dir='ltr'>polygonum</span> <span class='ocrx_word' id='word_1_108' title='bbox 801 2009 901 2069; x_wconf 90' lang='grc' dir='ltr'>ΔΤΑ</span> <span class='ocrx_word' id='word_1_109' title='bbox 909 2010 969 2070; x_wconf 71' lang='grc' dir='ltr'>ΤΒ</span> <span class='ocrx_word' id='word_1_110' title='bbox 978 2009 1089 2090; x_wconf 85' lang='grc' dir='ltr'>ΦΓΧ,</span> 
     </span>
     <span class='ocr_line' id='line_1_18' title="bbox 74 2112 1088 2198; baseline 0 -21"><span class='ocrx_word' id='word_1_111' title='bbox 74 2116 186 2177; x_wconf 88' lang='lat' dir='ltr'>uertex</span> <span class='ocrx_word' id='word_1_112' title='bbox 208 2118 317 2178; x_wconf 88' lang='lat' dir='ltr'>autem</span> <span class='ocrx_word' id='word_1_113' title='bbox 340 2118 495 2198; x_wconf 81' lang='lat' dir='ltr'>punctum</span> <span class='ocrx_word' id='word_1_114' title='bbox 513 2117 558 2197; x_wconf 84' lang='lat' dir='ltr'>A,</span> <span class='ocrx_word' id='word_1_115' title='bbox 582 2113 622 2178; x_wconf 88' lang='lat' dir='ltr'>ad</span> <span class='ocrx_word' id='word_1_116' title='bbox 645 2113 861 2198; x_wconf 87' lang='lat' dir='ltr'>pyramidem,</span> <span class='ocrx_word' id='word_1_117' title='bbox 886 2112 974 2176; x_wconf 87' lang='lat' dir='ltr'>euius</span> <span class='ocrx_word' id='word_1_118' title='bbox 998 2113 1088 2177; x_wconf 86' lang='lat' dir='ltr'>basis</span> 
     </span>
     <span class='ocr_line' id='line_1_19' title="bbox 74 2220 1089 2306; baseline 0.001 -24"><span class='ocrx_word' id='word_1_119' title='bbox 74 2222 125 2283; x_wconf 88' lang='lat' dir='ltr'>est</span> <span class='ocrx_word' id='word_1_120' title='bbox 133 2220 333 2306; x_wconf 87' lang='lat' dir='ltr'>polygonum</span> <span class='ocrx_word' id='word_1_121' title='bbox 344 2222 636 2304; x_wconf 81' lang='grc' dir='ltr'><em>ΘΟΕΠΖΡΗΣ,</em></span> <span class='ocrx_word' id='word_1_122' title='bbox 649 2223 761 2284; x_wconf 86' lang='lat' dir='ltr'>uertex</span> <span class='ocrx_word' id='word_1_123' title='bbox 771 2223 879 2284; x_wconf 87' lang='lat' dir='ltr'>autem</span> <span class='ocrx_word' id='word_1_124' title='bbox 889 2222 928 2283; x_wconf 96' lang='lat' dir='ltr'><em>N</em></span> <span class='ocrx_word' id='word_1_125' title='bbox 933 2222 1089 2302; x_wconf 81' lang='lat' dir='ltr'>punctum</span> 
     </span>
     <span class='ocr_line' id='line_1_20' title="bbox 75 2325 1088 2411; baseline 0 -21"><span class='ocrx_word' id='word_1_126' title='bbox 75 2327 181 2411; x_wconf 90' lang='lat' dir='ltr'>[prop.</span> <span class='ocrx_word' id='word_1_127' title='bbox 195 2325 268 2408; x_wconf 75' lang='lat' dir='ltr'>Vll.</span> <span class='ocrx_word' id='word_1_128' title='bbox 301 2348 399 2410; x_wconf 85' lang='lat' dir='ltr'>quare</span> <span class='ocrx_word' id='word_1_129' title='bbox 418 2327 518 2392; x_wconf 87' lang='lat' dir='ltr'>etiam</span> <span class='ocrx_word' id='word_1_130' title='bbox 536 2329 574 2391; x_wconf 85' lang='lat' dir='ltr'>ut</span> <span class='ocrx_word' id='word_1_131' title='bbox 587 2330 651 2390; x_wconf 89' lang='grc' dir='ltr'>ΑΛ</span> <span class='ocrx_word' id='word_1_132' title='bbox 665 2349 672 2390; x_wconf 92' lang='lat'><strong>:</strong></span> <span class='ocrx_word' id='word_1_133' title='bbox 687 2325 732 2411; x_wconf 77' lang='grc' dir='ltr'>Ξ,</span> <span class='ocrx_word' id='word_1_134' title='bbox 754 2326 801 2390; x_wconf 82' lang='lat' dir='ltr'>ita</span> <span class='ocrx_word' id='word_1_135' title='bbox 819 2326 975 2409; x_wconf 87' lang='lat' dir='ltr'>pyramis,</span> <span class='ocrx_word' id='word_1_136' title='bbox 999 2326 1088 2390; x_wconf 89' lang='lat' dir='ltr'>euius</span> 
     </span>
     <span class='ocr_line' id='line_1_21' title="bbox 72 2433 1088 2518; baseline -0.001 -22"><span class='ocrx_word' id='word_1_137' title='bbox 72 2433 161 2496; x_wconf 87' lang='lat' dir='ltr'>basis</span> <span class='ocrx_word' id='word_1_138' title='bbox 194 2435 244 2496; x_wconf 88' lang='lat' dir='ltr'>est</span> <span class='ocrx_word' id='word_1_139' title='bbox 275 2433 479 2518; x_wconf 77' lang='lat' dir='ltr'>polygonum.</span> <span class='ocrx_word' id='word_1_140' title='bbox 509 2435 798 2516; x_wconf 69' lang='grc' dir='ltr'><em>ΔΤΑΥΒΦΓΧ,</em></span> <span class='ocrx_word' id='word_1_141' title='bbox 834 2436 948 2496; x_wconf 82' lang='lat' dir='ltr'>uertex</span> <span class='ocrx_word' id='word_1_142' title='bbox 980 2435 1088 2496; x_wconf 86' lang='lat' dir='ltr'>autem</span> 
     </span>
     <span class='ocr_line' id='line_1_22' title="bbox 72 2537 1088 2623; baseline 0 -21"><span class='ocrx_word' id='word_1_143' title='bbox 72 2541 229 2622; x_wconf 80' lang='lat' dir='ltr'>punctum</span> <span class='ocrx_word' id='word_1_144' title='bbox 247 2542 292 2621; x_wconf 82' lang='lat' dir='ltr'>A,</span> <span class='ocrx_word' id='word_1_145' title='bbox 311 2538 351 2602; x_wconf 90' lang='lat' dir='ltr'>ad</span> <span class='ocrx_word' id='word_1_146' title='bbox 370 2537 585 2622; x_wconf 88' lang='lat' dir='ltr'>pyramidem,</span> <span class='ocrx_word' id='word_1_147' title='bbox 604 2538 694 2602; x_wconf 86' lang='lat' dir='ltr'>euius</span> <span class='ocrx_word' id='word_1_148' title='bbox 713 2539 802 2604; x_wconf 90' lang='lat' dir='ltr'>basis</span> <span class='ocrx_word' id='word_1_149' title='bbox 818 2543 869 2603; x_wconf 85' lang='lat' dir='ltr'>est</span> <span class='ocrx_word' id='word_1_150' title='bbox 886 2539 1088 2623; x_wconf 91' lang='lat' dir='ltr'>polygonum</span> 
     </span>
     <span class='ocr_line' id='line_1_23' title="bbox 73 2647 1088 2728; baseline 0.001 -21"><span class='ocrx_word' id='word_1_151' title='bbox 73 2647 367 2728; x_wconf 82' lang='grc' dir='ltr'><em>ΘΟΕΠΖΡΗΣ,</em></span> <span class='ocrx_word' id='word_1_152' title='bbox 398 2648 511 2709; x_wconf 82' lang='lat' dir='ltr'>uertex</span> <span class='ocrx_word' id='word_1_153' title='bbox 544 2647 652 2708; x_wconf 88' lang='lat' dir='ltr'>autem</span> <span class='ocrx_word' id='word_1_154' title='bbox 684 2647 840 2726; x_wconf 86' lang='lat' dir='ltr'>punctum</span> <span class='ocrx_word' id='word_1_155' title='bbox 873 2648 915 2709; x_wconf 93' lang='lat' dir='ltr'>N.</span> <span class='ocrx_word' id='word_1_156' title='bbox 960 2666 1088 2728; x_wconf 86' lang='lat' dir='ltr'>permu-</span> 
     </span>
     <span class='ocr_line' id='line_1_24' title="bbox 71 2748 1087 2835; baseline 0.002 -23"><span class='ocrx_word' id='word_1_157' title='bbox 71 2748 171 2814; x_wconf 87' lang='lat' dir='ltr'>tando</span> <span class='ocrx_word' id='word_1_158' title='bbox 195 2750 295 2835; x_wconf 86' lang='lat' dir='ltr'>igitur</span> <span class='ocrx_word' id='word_1_159' title='bbox 314 2750 376 2814; x_wconf 85' lang='lat' dir='ltr'>erit</span> <span class='ocrx_word' id='word_1_160' title='bbox 396 2748 449 2833; x_wconf 90' lang='lat' dir='ltr'>[V,</span> <span class='ocrx_word' id='word_1_161' title='bbox 470 2750 539 2835; x_wconf 88' lang='grc'>16],</span> <span class='ocrx_word' id='word_1_162' title='bbox 561 2753 599 2813; x_wconf 87' lang='lat' dir='ltr'>ut</span> <span class='ocrx_word' id='word_1_163' title='bbox 622 2771 720 2814; x_wconf 89' lang='lat' dir='ltr'>conus</span> <span class='ocrx_word' id='word_1_164' title='bbox 739 2753 808 2814; x_wconf 91' lang='grc' dir='ltr'>ΑΛ</span> <span class='ocrx_word' id='word_1_165' title='bbox 827 2751 867 2815; x_wconf 88' lang='lat' dir='ltr'>ad</span> <span class='ocrx_word' id='word_1_166' title='bbox 886 2751 1087 2835; x_wconf 85' lang='lat' dir='ltr'>pyramidem</span> 
     </span>
     <span class='ocr_line' id='line_1_25' title="bbox 73 2854 1088 2941; baseline 0.001 -22"><span class='ocrx_word' id='word_1_167' title='bbox 73 2855 108 2919; x_wconf 89' lang='lat' dir='ltr'>in</span> <span class='ocrx_word' id='word_1_168' title='bbox 131 2877 168 2920; x_wconf 88' lang='lat' dir='ltr'>eo</span> <span class='ocrx_word' id='word_1_169' title='bbox 192 2857 467 2940; x_wconf 73' lang='lat' dir='ltr'>comprehensam,</span> <span class='ocrx_word' id='word_1_170' title='bbox 490 2856 538 2920; x_wconf 88' lang='lat' dir='ltr'>ita</span> <span class='ocrx_word' id='word_1_171' title='bbox 561 2854 701 2919; x_wconf 90' lang='lat' dir='ltr'>solidum</span> <span class='ocrx_word' id='word_1_172' title='bbox 720 2855 750 2928; x_wconf 75' lang='grc' dir='ltr'><em>Ξ</em></span> <span class='ocrx_word' id='word_1_173' title='bbox 771 2854 811 2920; x_wconf 86' lang='lat' dir='ltr'>ad</span> <span class='ocrx_word' id='word_1_174' title='bbox 833 2857 1035 2941; x_wconf 85' lang='lat' dir='ltr'>pyramidem</span> <span class='ocrx_word' id='word_1_175' title='bbox 1054 2857 1088 2920; x_wconf 91' lang='lat' dir='ltr'>in</span> 
     </span>
     <span class='ocr_line' id='line_1_26' title="bbox 74 2962 1089 3046; baseline 0.001 -21"><span class='ocrx_word' id='word_1_176' title='bbox 74 2981 155 3026; x_wconf 87' lang='lat' dir='ltr'>eono</span> <span class='ocrx_word' id='word_1_177' title='bbox 175 2966 248 3027; x_wconf 93' lang='grc' dir='ltr'>ΕΝ</span> <span class='ocrx_word' id='word_1_178' title='bbox 267 2962 545 3046; x_wconf 83' lang='lat' dir='ltr'>comprehensam.</span> <span class='ocrx_word' id='word_1_179' title='bbox 581 2983 681 3026; x_wconf 89' lang='lat' dir='ltr'>eonus</span> <span class='ocrx_word' id='word_1_180' title='bbox 706 2965 815 3026; x_wconf 86' lang='lat' dir='ltr'>autem</span> <span class='ocrx_word' id='word_1_181' title='bbox 833 2965 898 3025; x_wconf 87' lang='lat' dir='ltr'>AA</span> <span class='ocrx_word' id='word_1_182' title='bbox 917 2963 1021 3027; x_wconf 88' lang='lat' dir='ltr'>maior</span> <span class='ocrx_word' id='word_1_183' title='bbox 1039 2966 1089 3026; x_wconf 85' lang='lat' dir='ltr'>est</span> 
     </span>
    </p>
   </div>
   <div class='ocr_carea' id='block_1_7' title="bbox 69 3183 1090 3618">
    <p class='ocr_par' dir='ltr' id='par_1_7' title="bbox 71 3183 1010 3333">
     <span class='ocr_line' id='line_1_27' title="bbox 71 3183 1010 3261; baseline 0.001 -18"><span class='ocrx_word' id='word_1_184' title='bbox 71 3189 105 3244; x_wconf 91' lang='lat' dir='ltr'>V.</span> <span class='ocrx_word' id='word_1_185' title='bbox 179 3194 203 3244; x_wconf 90' lang='lat'>8.</span> <span class='ocrx_word' id='word_1_186' title='bbox 224 3193 302 3244; x_wconf 86' lang='grc' dir='ltr'>ΔΤΑ</span> <span class='ocrx_word' id='word_1_187' title='bbox 310 3189 467 3261; x_wconf 75' lang='grc' dir='ltr'><em>ΤΒΦΓΧ]</em></span> <span class='ocrx_word' id='word_1_188' title='bbox 488 3187 541 3244; x_wconf 82' lang='lat' dir='ltr'>litt.</span> <span class='ocrx_word' id='word_1_189' title='bbox 561 3193 589 3243; x_wconf 84' lang='grc' dir='ltr'><em>Γ</em></span> <span class='ocrx_word' id='word_1_190' title='bbox 603 3191 703 3258; x_wconf 82' lang='lat' dir='ltr'>postea</span> <span class='ocrx_word' id='word_1_191' title='bbox 721 3189 784 3249; x_wconf 83' lang='lat' dir='ltr'>add.</span> <span class='ocrx_word' id='word_1_192' title='bbox 804 3189 838 3242; x_wconf 86' lang='lat' dir='ltr'>V.</span> <span class='ocrx_word' id='word_1_193' title='bbox 911 3183 962 3243; x_wconf 74' lang='grc' dir='ltr'>ἀπ’</span> <span class='ocrx_word' id='word_1_194' title='bbox 983 3207 1010 3258; x_wconf 88' lang='lat' dir='ltr'>q.</span> 
     </span>
     <span class='ocr_line' id='line_1_28' title="bbox 71 3253 980 3333; baseline 0 -19"><span class='ocrx_word' id='word_1_195' title='bbox 71 3255 148 3333; x_wconf 75' lang='grc' dir='ltr'><strong><em>αὐτῷ</em></strong></span> <span class='ocrx_word' id='word_1_196' title='bbox 169 3261 200 3316; x_wconf 88' lang='grc' dir='ltr'>Β,</span> <span class='ocrx_word' id='word_1_197' title='bbox 305 3266 346 3314; x_wconf 92' lang='lat'>10.</span> <span class='ocrx_word' id='word_1_198' title='bbox 365 3259 397 3314; x_wconf 81' lang='grc' dir='ltr'>τό</span> <span class='ocrx_word' id='word_1_199' title='bbox 416 3261 489 3329; x_wconf 84' lang='lat' dir='ltr'>(alt.)</span> <span class='ocrx_word' id='word_1_200' title='bbox 508 3291 541 3301; x_wconf 94' lang='lat'><em>-</em></span> <span class='ocrx_word' id='word_1_201' title='bbox 562 3265 603 3316; x_wconf 79' lang='lat'>12.</span> <span class='ocrx_word' id='word_1_202' title='bbox 623 3253 712 3324; x_wconf 75' lang='grc' dir='ltr'><strong><em>οὕτως</em></strong></span> <span class='ocrx_word' id='word_1_203' title='bbox 730 3255 758 3331; x_wconf 84' lang='grc' dir='ltr'>ὁ]</span> <span class='ocrx_word' id='word_1_204' title='bbox 778 3277 834 3329; x_wconf 85' lang='lat' dir='ltr'>mg.</span> <span class='ocrx_word' id='word_1_205' title='bbox 854 3278 890 3314; x_wconf 92' lang='lat' dir='ltr'>m.</span> <span class='ocrx_word' id='word_1_206' title='bbox 912 3266 926 3314; x_wconf 85' lang='lat'>1</span> <span class='ocrx_word' id='word_1_207' title='bbox 949 3259 980 3314; x_wconf 89' lang='lat' dir='ltr'>V.</span> 
     </span>
    </p>

    <p class='ocr_par' dir='ltr' id='par_1_8' title="bbox 69 3325 1090 3618">
     <span class='ocr_line' id='line_1_29' title="bbox 73 3325 1088 3402; baseline 0.001 -18"><span class='ocrx_word' id='word_1_208' title='bbox 73 3335 113 3385; x_wconf 92' lang='lat'>11.</span> <span class='ocrx_word' id='word_1_209' title='bbox 135 3333 347 3386; x_wconf 88' lang='grc' dir='ltr'><em>ΟΘΕΠΡΗΣ</em></span> <span class='ocrx_word' id='word_1_210' title='bbox 359 3331 394 3398; x_wconf 87' lang='grc' dir='ltr'>Β,</span> <span class='ocrx_word' id='word_1_211' title='bbox 414 3333 443 3386; x_wconf 80' lang='lat' dir='ltr'>et</span> <span class='ocrx_word' id='word_1_212' title='bbox 462 3329 492 3399; x_wconf 91' lang='lat' dir='ltr'>P,</span> <span class='ocrx_word' id='word_1_213' title='bbox 511 3348 580 3387; x_wconf 85' lang='lat' dir='ltr'>corr.</span> <span class='ocrx_word' id='word_1_214' title='bbox 595 3351 632 3386; x_wconf 91' lang='lat' dir='ltr'>m.</span> <span class='ocrx_word' id='word_1_215' title='bbox 648 3337 671 3386; x_wconf 83' lang='lat'>1.</span> <span class='ocrx_word' id='word_1_216' title='bbox 742 3339 783 3386; x_wconf 81' lang='lat'>12.</span> <span class='ocrx_word' id='word_1_217' title='bbox 803 3325 892 3393; x_wconf 72' lang='grc' dir='ltr'><strong><em>οὕτως</em></strong></span> <span class='ocrx_word' id='word_1_218' title='bbox 906 3327 934 3402; x_wconf 89' lang='grc' dir='ltr'>ὁ]</span> <span class='ocrx_word' id='word_1_219' title='bbox 953 3330 1039 3386; x_wconf 77' lang='lat' dir='ltr'>eriam</span> <span class='ocrx_word' id='word_1_220' title='bbox 1057 3331 1088 3385; x_wconf 89' lang='lat' dir='ltr'>in</span> 
     </span>
     <span class='ocr_line' id='line_1_30' title="bbox 70 3401 1090 3469; baseline -0.001 -13"><span class='ocrx_word' id='word_1_221' title='bbox 70 3403 151 3456; x_wconf 83' lang='lat' dir='ltr'>textu</span> <span class='ocrx_word' id='word_1_222' title='bbox 166 3401 199 3455; x_wconf 81' lang='lat' dir='ltr'>V.</span> <span class='ocrx_word' id='word_1_223' title='bbox 255 3408 297 3456; x_wconf 77' lang='lat'>15.</span> <span class='ocrx_word' id='word_1_224' title='bbox 318 3404 529 3457; x_wconf 90' lang='grc' dir='ltr'><em>ΟΘΕΠΡΗΣ</em></span> <span class='ocrx_word' id='word_1_225' title='bbox 546 3404 576 3469; x_wconf 91' lang='grc' dir='ltr'>Ρ,</span> <span class='ocrx_word' id='word_1_226' title='bbox 596 3420 665 3459; x_wconf 83' lang='lat' dir='ltr'>corr.</span> <span class='ocrx_word' id='word_1_227' title='bbox 685 3421 722 3459; x_wconf 90' lang='lat' dir='ltr'>m.</span> <span class='ocrx_word' id='word_1_228' title='bbox 739 3409 762 3458; x_wconf 90' lang='lat'>1.</span> <span class='ocrx_word' id='word_1_229' title='bbox 819 3408 861 3457; x_wconf 90' lang='grc'>18.</span> <span class='ocrx_word' id='word_1_230' title='bbox 881 3407 906 3456; x_wconf 96' lang='grc' dir='ltr'><em>Δ</em></span> <span class='ocrx_word' id='word_1_231' title='bbox 914 3405 1090 3456; x_wconf 76' lang='grc' dir='ltr'><em>ΤΑῬΦΓΧ</em></span> 
     </span>
     <span class='ocr_line' id='line_1_31' title="bbox 69 3469 1087 3545; baseline 0.001 -18"><span class='ocrx_word' id='word_1_232' title='bbox 69 3471 104 3526; x_wconf 87' lang='lat' dir='ltr'>V.</span> <span class='ocrx_word' id='word_1_233' title='bbox 178 3479 220 3539; x_wconf 77' lang='lat'>20.</span> <span class='ocrx_word' id='word_1_234' title='bbox 242 3474 481 3527; x_wconf 87' lang='grc' dir='ltr'><em>ΘΟΕΠΖΡΗΣ</em></span> <span class='ocrx_word' id='word_1_235' title='bbox 496 3472 528 3536; x_wconf 90' lang='grc' dir='ltr'>Β,</span> <span class='ocrx_word' id='word_1_236' title='bbox 548 3469 579 3528; x_wconf 71' lang='grc' dir='ltr'>ἐν</span> <span class='ocrx_word' id='word_1_237' title='bbox 599 3469 684 3545; x_wconf 73' lang='grc' dir='ltr'><em>ἑτέρῳ</em></span> <span class='ocrx_word' id='word_1_238' title='bbox 703 3470 735 3530; x_wconf 84' lang='grc' dir='ltr'>τὸ</span> <span class='ocrx_word' id='word_1_239' title='bbox 756 3476 989 3528; x_wconf 68' lang='grc' dir='ltr'><em>ΔΤΑΥΒΦΓΧ</em></span> <span class='ocrx_word' id='word_1_240' title='bbox 1002 3471 1087 3529; x_wconf 73' lang='grc' dir='ltr'><strong><em>πολύ·</em></strong></span> 
     </span>
     <span class='ocr_line' id='line_1_32' title="bbox 70 3543 1010 3618; baseline 0.003 -21"><span class='ocrx_word' id='word_1_241' title='bbox 70 3563 163 3613; x_wconf 76' lang='grc' dir='ltr'><strong><em>γωνον</em></strong></span> <span class='ocrx_word' id='word_1_242' title='bbox 182 3563 238 3614; x_wconf 85' lang='lat' dir='ltr'>mg.</span> <span class='ocrx_word' id='word_1_243' title='bbox 257 3561 293 3598; x_wconf 92' lang='lat' dir='ltr'>m.</span> <span class='ocrx_word' id='word_1_244' title='bbox 313 3549 338 3600; x_wconf 75' lang='lat'>2.</span> <span class='ocrx_word' id='word_1_245' title='bbox 411 3549 454 3598; x_wconf 80' lang='lat'>24.</span> <span class='ocrx_word' id='word_1_246' title='bbox 474 3547 714 3618; x_wconf 70' lang='grc' dir='ltr'><em>ΔΤΑΥΒΦΓΧ]</em></span> <span class='ocrx_word' id='word_1_247' title='bbox 736 3550 762 3600; x_wconf 86' lang='grc' dir='ltr'><em>Γ</em></span> <span class='ocrx_word' id='word_1_248' title='bbox 776 3547 876 3616; x_wconf 81' lang='lat' dir='ltr'>postea</span> <span class='ocrx_word' id='word_1_249' title='bbox 894 3545 957 3601; x_wconf 77' lang='lat' dir='ltr'>add.</span> <span class='ocrx_word' id='word_1_250' title='bbox 976 3543 1010 3600; x_wconf 90' lang='lat' dir='ltr'>V.</span> 
     </span>
    </p>
   </div>
   <div class='ocr_carea' id='block_1_8' title="bbox 0 0 1238 3952">
    <p class='ocr_par' dir='ltr' id='par_1_9' title="bbox 0 0 1238 3952">
     <span class='ocr_line' id='line_1_33' title="bbox 0 0 1238 3952; baseline 0 1"><span class='ocrx_word' id='word_1_251' title='bbox 0 0 1238 3952; x_wconf 95' lang='lat' dir='ltr'> </span> 
     </span>
    </p>
   </div>
  </div>
 </body>
</html>
