2468 3952
79 187 146 252 410
470 187 654 238 ΑΡΡωωυιΧ
672 187 708 238 IL

80 328 280 415 πολύγωνον
312 327 350 396 τὸ
383 333 481 397 ΑΓΒ
491 333 664 395 ΤΓΥΔΦ
694 327 839 413 πυραμὶς
876 323 1020 413 ίσουψὴς
1054 331 1097 419 τῷ

80 435 188 528 κώνῳ.
225 438 298 504 ἐπεί
319 432 473 515 ἐστινὼς
490 432 528 502 τὸ
547 430 611 502 άπὸ
631 437 690 519 τῆς
703 439 767 499 ΒΔ
785 430 998 519 τετράγωνον
1015 433 1099 521 πρὸς

80 541 117 612 τὸ
143 541 209 611 άπὸ
233 547 292 629 τῆς
316 548 378 608 ΖΘ
400 540 623 627 τετράγωνον,
647 536 754 618 οὕτως
778 537 796 606 ὁ
820 544 956 606 ΑΒΓΔ
979 542 1099 621 κύκλος

81 647 164 736 πρὸς
190 646 251 715 τὸν
273 654 410 715 ΕΖΗΘ
436 646 576 731 κύκλον,
604 646 690 714 ἀλλὰ
718 647 784 733 μὴν
811 645 867 712 καὶ
896 641 942 723 ὡς
969 647 1007 715 τὸ
1036 644 1098 715 άπὸ

80 758 139 841 τῆς
156 762 221 822 ΒΔ
243 752 454 841 τετράγωνον
477 751 562 841 πρὸς
579 751 615 821 τὸ
636 751 701 820 άπὸ
720 755 779 838 τῆς
798 758 858 818 ΖΘ
877 753 1098 840 τετράγωνον,

82 859 189 940 οὕτως
203 863 239 927 ιδ
250 867 382 928 ΑΣΒΠ
383 868 442 927 ΓΔ
447 868 478 928 Φ
490 861 692 946 πολύγωνον
705 859 787 946 πρὸς
801 860 838 926 τὸ
853 861 1102 934 ΒΞΖΟΗΠΘΡ

81 969 292 1053 πολύγωνον,
312 964 357 1047 ὡς
375 965 441 1055 άρα
460 965 478 1035 ὁ
494 972 627 1035 ΑΒΓΔ
644 964 764 1045 κύκλος
781 962 865 1050 πρὸς
882 964 944 1034 τὸν
966 974 1100 1036 ΕΖΗΘ

81 1074 217 1160 κύκλον,
242 1074 348 1153 οὕτως
370 1071 408 1143 τὸ
427 1081 529 1141 ΑΣΒ
539 1079 710 1140 ΤΓΥΔΦ
731 1069 933 1156 πολύγωνον
956 1070 1042 1161 πρὸς
1063 1071 1098 1141 τὸ

83 1184 359 1257 ΕΞΖΟΗΠΘΡ
381 1180 590 1266 πολύγωνον.
641 1175 715 1246 ἀλλ’
750 1175 796 1257 ὡς
826 1176 889 1263 μὲν
918 1174 936 1246 ὁ
968 1186 1099 1248 ΑΒΓΔ

82 1287 203 1367 κύκλος
225 1284 310 1375 πρὸς
332 1285 393 1354 τὸν
414 1274 548 1354 ΕΖΗΘ
570 1285 707 1371 λύκιοι,
731 1281 838 1363 οὕτως
856 1281 875 1351 ὁ
891 1290 1099 1354 ΑΒΓΛΚΛ

83 1398 192 1472 κῶνος
218 1392 302 1481 πρὸς
328 1392 366 1462 τὸ
392 1402 423 1460 Α
447 1394 597 1479 στερεόν,
626 1389 671 1470 ως
694 1391 732 1459 δὲ
755 1393 792 1459 τὸ
816 1397 919 1458 ΑΣΒ
930 1399 1064 1460 TFYA
1072 1400 1100 1461 Φ

83 1499 283 1585 πολύγωνον
301 1499 386 1585 πρὸς
403 1498 441 1568 τὸ
461 1503 556 1577 ΕΞΖ
564 1505 743 1566 ΟΗΠΘΡ
757 1496 970 1584 πολύγωνον,
997 1497 1101 1577 οὕτως

82 1604 103 1693 ἡ
127 1611 286 1692 πυραμίς,
314 1597 355 1692 ἧς
376 1604 473 1691 βάσις
499 1608 561 1693 μέν
585 1609 654 1674 ἐστι
678 1602 715 1673 τὸ
740 1610 1026 1673 ΑΣΒΤΓΤΔΦ
1047 1630 1102 1673 πο·

83 1711 254 1800 λύγωνον,
287 1710 393 1791 οὕτως
424 1709 445 1797 ἡ
477 1718 638 1801 πυραμίς,
669 1702 710 1798 ἧς
741 1710 838 1795 βάσις
870 1711 931 1797 μέν
964 1714 1035 1779 ἐστι
1063 1710 1100 1779 τὸ

83 1828 115 1886 Α
122 1825 187 1885 ΣΒ
196 1824 367 1886 ΤΓΥΔΦ
388 1818 601 1904 πολύγωνον,
623 1817 756 1906 κορυφὴ
779 1817 818 1885 δὲ
840 1815 877 1884 τὸ
898 1825 929 1891 Α
949 1832 1100 1905 σημεῖον,

83 1924 168 2013 πρὸς
212 1928 274 2012 τὴν
318 1930 493 2012 πυραμίδα
532 1922 594 2011 τὴν
630 1924 730 2010 βάσιν
774 1924 835 2012 μὲν
878 1929 1025 2011 ἔχουσαν
1064 1925 1101 1992 τὸ

83 2035 178 2111 Em
186 2039 360 2100 ΟΗΠΘΡ
376 2032 592 2118 πολύγωνον,
615 2030 772 2118 κορυφὴν
792 2030 830 2100 δὲ
844 2028 884 2099 τὸ
901 2038 940 2099 Ν
953 2046 1101 2118 σημεῖον.

85 2136 131 2219 ὡς
149 2137 213 2227 άρα
233 2137 251 2207 ὁ
270 2144 478 2207 ΑΒΓΔΚΔ
496 2142 604 2218 κῶνος
622 2137 705 2227 πρὸς
723 2137 760 2206 τὸ
776 2147 808 2206 Α
828 2137 976 2226 στερεόν,
997 2135 1103 2217 οὕτως

84 2244 105 2330 ἡ
128 2252 288 2333 πυραμίς,
311 2237 350 2332 ἧς
368 2245 465 2332 βάσις
483 2247 544 2333 μέν
563 2247 632 2314 ἐστι
650 2245 687 2313 τὸ
703 2250 806 2312 ΑΣΒ
815 2249 988 2312 ΤΓΓΔΦ
1002 2243 1102 2311 πολύ-

85 2377 208 2437 γωνον,
231 2350 364 2439 κορυφὴ
388 2351 426 2419 δὲ
448 2351 485 2420 τὸ
509 2360 540 2420 Λ
564 2366 714 2438 σημεῖον,
738 2350 821 2439 πρὸς
843 2348 905 2436 τὴν
929 2354 1102 2437 πυραμίδα

84 2455 148 2542 τὴν
170 2456 271 2542 βάσιν
294 2457 355 2543 μὲν
375 2463 519 2545 ἔχουσαν
537 2456 575 2526 τὸ
594 2461 873 2536 ΕΞΖΟΗΠΘΡ
888 2457 1102 2543 πολύγωνον,

63 2560 240 2650 ’κορυφὴν
269 2562 306 2631 δὲ
328 2562 365 2631 τὸ
389 2571 428 2632 Ν
448 2579 595 2652 σημεῖον.
640 2563 783 2652 ἐναλλάξ
810 2562 876 2651 άρα
899 2564 992 2631 ἐστὶν
1017 2562 1102 2644 ὡςὸ

85 2677 292 2739 ΑΒΓΔΚΛ
314 2682 423 2751 κῶνος
445 2671 528 2759 πρὸς
550 2671 613 2758 τὴν
636 2675 808 2758 πυραμίδα
831 2669 892 2757 τὴν
914 2670 1018 2755 βάσιν
1041 2667 1101 2756 μὲν

86 2781 229 2862 ἔχουσαν
256 2776 294 2845 τὸ
322 2784 425 2845 ΑΣΒ
435 2784 567 2846 Tm
575 2785 606 2845 Φ
632 2777 847 2864 πολύγωνον,
879 2774 1038 2863 κορυφὴν
1066 2773 1103 2842 δὲ

84 2880 123 2949 τὸ
142 2890 175 2949 Λ
192 2897 343 2970 σημεῖον,
365 2881 471 2963 ούτως
489 2882 527 2951 τὸ
542 2894 573 2951 Α
592 2881 728 2969 στερεόν
747 2883 831 2971 πρὸς
848 2879 910 2968 τὴν
928 2884 1101 2968 πυραμίδα

86 2986 148 3076 τὴν
171 2990 273 3075 βάσιν
296 2989 356 3077 μὲν
376 2995 519 3078 ἔχουσαν
538 2990 575 3057 τὸ
594 2993 876 3067 ΕΞΖΟΗΠΘΡ
890 2987 1103 3072 πολύγωνον,

87 3099 241 3184 κορυφὴν
270 3097 308 3165 δὲ
335 3093 372 3164 τὸ
396 3103 435 3164 Ν
453 3109 601 3182 σημεῖον.
647 3101 765 3182 μείζων
789 3094 827 3163 δὲ
850 3093 868 3162 ὁ
893 3099 1103 3161 ΑΒΓΔΚΛ

87 3207 194 3284 κύνας
235 3208 294 3290 τῆς
333 3207 522 3291 πυραμίδος
556 3206 615 3288 τῆς
651 3201 753 3287 βάσιν
789 3200 850 3288 μὲν
887 3200 1031 3288 ἐχούσης
1066 3200 1104 3265 τὸ

87 3317 190 3377 ΑΣΒ
201 3316 371 3377 ΤΓῬΔΦ
388 3309 599 3394 πολύγωνον,
617 3306 772 3395 κορυφὴν
792 3307 830 3375 δὲ
848 3305 884 3375 τὸ
904 3315 936 3375 Α
956 3319 1106 3392 σημεῖον.

87 3421 198 3500 μεῖζον
222 3414 288 3503 ’άρα
311 3418 367 3484 καὶ
385 3413 422 3484 τὸ
438 3426 469 3483 Α
489 3413 624 3498 στερεὸν
642 3424 702 3499 τῆς
720 3417 908 3500 πυραμίδος
926 3417 986 3499 τῆς
1003 3413 1105 3498 βάσιν

87 3520 149 3606 μὲν
177 3522 317 3609 ἐχούσης
343 3521 380 3590 τὸ
406 3524 684 3598 ΕΞΖΟΗΠΘΡ
703 3519 919 3606 πολύγωνον,
946 3517 1105 3606 κορυφὴν
