2468 3952
320 201 595 254 amunmoauu
613 199 813 253 umnam.
1011 200 1076 266 287

61 345 288 431 rectangulum
312 347 419 409 autem
446 343 600 408 rationali
623 347 656 409 et
680 348 795 427 quarta
818 348 969 428 apotome
993 367 1078 410 com·

60 452 260 536 prehensum
283 449 472 516 irrationale
496 453 559 533 ast,
587 454 619 514 et
642 453 744 534 recta,
769 449 860 515 ouius
884 432 1078 533 quadratum

62 559 95 624 ei
123 557 257 642 aequale
285 560 347 640 est,
374 555 575 621 irrationalis
604 559 653 620 est
675 560 872 640 uocaturque
895 556 1001 622 minor
1025 557 1079 642 [X‚

61 665 131 744 94].
168 684 281 728 uerum
294 658 378 727 ΑΒ2
393 692 435 715 =
450 665 512 726 ΘΒ
527 676 570 729 ><
585 665 670 747 ΒΜ,
690 662 766 746 quia
785 662 882 728 ducta
896 666 961 727 ΑΘ
979 664 1077 728 trian-

61 770 133 854 guli
160 772 273 853 ΑΒΘ,
300 771 419 833 ΑΒΜ
440 767 647 852 aequianguli
676 769 759 833 fiunt
788 768 862 853 [VL
891 771 940 854 8],
973 773 1006 833 et
1029 774 1079 834 est

63 880 127 940 ΘΒ
143 879 233 939 :BA
247 904 289 927 =
304 877 371 938 AB
387 898 394 938 :
409 877 487 938 ΒΜ
506 873 577 958 [V1,
600 875 646 955 4].

130 981 220 1066 Ergo
248 984 314 1044 AB
346 979 434 1059 latus
462 981 640 1064 pentagoni
667 980 867 1047 irrationalis
896 984 945 1045 est
974 981 1080 1045 minor

65 1108 150 1172 quae
171 1089 321 1170 uocatum
346 1085 431 1169 quod
455 1089 525 1150 erat
548 1084 844 1153 demonstrandum.

535 1331 608 1396 XII.

132 1453 167 1520 Si
189 1456 225 1519 in
248 1454 402 1520 circulum
425 1454 610 1540 triangulus
630 1456 863 1540 aequiangulus
883 1459 1080 1544 inscribitur,

64 1563 156 1626 latus
179 1560 336 1648 trianguli
359 1562 509 1646 potentia
530 1562 631 1646 triplo
655 1562 761 1628 maius
781 1567 831 1627 est
850 1566 941 1630 radio
961 1567 1081 1631 circuli.

131 1665 182 1733 Sit
214 1667 351 1733 circulus
378 1670 487 1746 ΑΒΓ,
524 1671 557 1732 et
588 1668 623 1731 in
655 1690 729 1733 eum
761 1668 944 1754 triangulus
973 1673 1080 1756 aequi·

515 1774 652 1857 angulus
668 1777 773 1839 ΑΒΓ
789 1776 986 1842 inscribatur
1010 1777 1081 1862 HV,

515 1881 560 1960 21.
598 1879 683 1962 dico,
710 1881 797 1945 latus
822 1883 958 1966 quoduis
981 1883 1081 1948 trian-

515 1985 583 2070 guli
593 1991 696 2053 ΑΒΓ
700 1990 848 2073 potentia
861 1990 961 2073 triplo
976 1989 1080 2054 maius

516 2115 585 2159 esse
609 2095 699 2160 radio
724 2095 836 2161 circuli
859 2098 968 2161 ΑΒΓ.

583 2205 730 2267 sumatur
760 2203 847 2267 enim
874 2207 908 2267 Α
936 2204 1081 2268 centrum

515 2306 627 2371 circuli
645 2310 750 2372 ΑΒΓ
769 2307 842 2393 [ΠΙ,
864 2310 906 2392 l]‚
930 2313 963 2375 et
986 2313 1080 2374 ducta

446 2418 471 2462 1'
515 2417 582 2476 ΑΛ
605 2413 645 2477 ad
669 2419 701 2478 E
727 2415 937 2500 producatur,
966 2420 998 2480 et
1026 2417 1081 2481 du·

516 2522 608 2584 catur
630 2524 703 2586 ΒΕ.
749 2525 781 2586 et
804 2523 957 2606 quoniam
981 2523 1080 2587 trian-

259 2631 286 2680 Ε
519 2628 614 2713 gulus
638 2630 742 2692 ΑΒΓ
761 2628 994 2713 aequiangulus
1023 2633 1081 2712 est,

62 2757 158 2802 arcus
173 2738 274 2800 ΒΕΓ
286 2735 384 2801 tertia
397 2756 473 2819 pars
489 2737 539 2800 est
554 2733 695 2798 ambitus
710 2735 821 2799 circuli
835 2737 941 2799 ΑΒΓ.
971 2735 1082 2817 itaque

64 2863 160 2907 arcus
174 2846 240 2907 ΒΕ
253 2847 346 2908 sexta
359 2863 435 2926 pars
451 2844 500 2906 est
515 2841 656 2906 ambitus
671 2839 823 2928 circuli.¹)
856 2841 966 2923 itaque
984 2840 1082 2904 hexa-

63 2947 145 3033 goni
164 2951 214 3014 est
231 2951 320 3013 recta
333 2951 406 3012 ΒΕ.
431 2951 656 3032 quareBE=
667 2952 735 3011 ΔΕ
748 2946 819 3030 HV,
831 2946 872 3011 15
883 2944 1017 3024 coroll.].
1050 2949 1082 3008 et

63 3053 220 3139 quoniam
246 3054 495 3136 AE=2AE,
527 3053 588 3118 erit
621 3046 1080 3119 AE²=4AE²=4BE².

136 3299 197 3355 ΧΠ,
219 3299 325 3354 Theon.
345 3299 375 3353 in
392 3298 511 3355 Ptolem.
536 3317 563 3368 p.
584 3304 643 3354 183.

137 3534 165 3600 1)
183 3531 258 3586 Nam
275 3533 359 3585 ΑΓΕ
373 3555 408 3575 =
422 3532 502 3583 ABE
521 3530 550 3583 et
569 3545 623 3584 arc.
643 3535 698 3585 ΑΓ
710 3555 744 3576 --
758 3535 811 3583 ΑΒ.
