2468 3952
146 199 189 263 48
518 197 720 250 ΣΤΟΙΧΕΙΩΝ
739 191 790 250 ια’.

628 365 686 424 ιη.

212 462 300 531 Ἐὰν
323 462 465 531 εὐθεῖα
488 464 658 554 ἐπιπέδῳ
677 461 758 530 τινὶ
777 465 874 550 πρὸς
893 459 1020 550 ὀρθὰς
1037 453 1075 549 ᾗ,
1099 461 1164 528 καὶ

148 569 274 637 πάντα
301 568 347 637 τδι
373 566 423 636 δι’
450 565 569 656 αὑτῆς
592 570 757 636 ἐπίπεδα
784 571 835 660 τῳ
864 563 967 658 αὐτῷ
992 566 1163 656 ἐπιπέδῳ

149 672 246 763 πρὸς
269 673 394 762 ὀρθὰς
417 679 536 742 ἐσται.

113 802 129 850 5
216 781 348 848 Εὐθεῖα
380 780 445 868 γάρ
477 806 527 859 τις
558 778 579 866 ἡ
608 788 673 849 ΑΒ
706 783 752 872 τῳ
779 776 986 870 ὑποκειμένῳ
1020 779 1164 867 ἐπιπέδῳ

148 884 232 975 πρὸς
259 882 368 970 ὀρθὰς
396 891 492 953 ἔστω·
525 886 625 972 λέγω,
657 884 708 953 ὅτι
735 885 791 953 καὶ
818 884 927 953 πάὺτα
953 883 995 952 ιὰ
1022 880 1079 953 διὰ
1106 894 1165 970 τῆς

148 1001 181 1060 Α
186 1000 214 1059 Β
235 994 373 1060 ἐπίπεδα
389 995 435 1083 τῳ
454 989 661 1082 ὑποκειμένῳ
681 993 825 1083 ἐπιπέδῳ
844 990 928 1079 πρὸς
942 989 1051 1079 ὀρθάς
1066 993 1164 1058 ἐστιν.

213 1097 447 1186 Ἐκβεβλήσθω
474 1097 538 1185 γὰρ
567 1098 624 1166 διὰ
651 1103 709 1186 τῆς
736 1106 801 1166 ΑΒ
831 1101 988 1167 ἐπίπεδον
1017 1094 1055 1165 τὸ
1081 1104 1165 1181 ΔΕ,

149 1204 205 1272 καὶ
229 1210 312 1272 έστω
335 1203 433 1290 κοινὴ
456 1202 540 1292 τομὴ
563 1209 625 1272 τοῦ
650 1212 720 1272 ΔΕ
741 1205 900 1273 ἐπιπέδου
922 1205 977 1271 καὶ
999 1207 1060 1270 τοῦ
1085 1199 1165 1270 ὑπο-

98 1330 131 1380 10
149 1312 306 1397 κειμένου
334 1308 354 1397 ἡ
378 1316 456 1396 ΓΕ,
484 1311 540 1379 καὶ
563 1310 717 1398 εἰλήφθω
741 1311 794 1379 ἐπὶ
816 1313 875 1397 τῆς
897 1316 962 1378 ΓΕ
982 1309 1085 1397 τυχὸν
1109 1329 1164 1395 οη-

150 1429 245 1504 μεῖον
268 1415 305 1483 τὸ
327 1423 370 1500 Ζ,
392 1416 448 1483 καὶ
471 1415 536 1484 ἀπὸ
561 1420 622 1485 τοῦ
641 1424 668 1484 Ζ
690 1422 731 1506 τῇ
751 1424 815 1486 ΓΕ
830 1416 914 1504 πρὸς
937 1415 1044 1502 ὀρθὰς
1067 1414 1165 1503 ἤχθω

151 1525 187 1590 ἐν
215 1526 260 1614 τῷ
287 1529 356 1589 ΔΕ
382 1523 524 1614 ἐπιπέδῳ
548 1520 569 1609 ἡ
594 1530 668 1591 ΖΗ.
714 1524 770 1591 καὶ
794 1524 864 1591 ἐπεὶ
887 1521 907 1610 ἡ
932 1531 997 1590 ΑΒ
1021 1521 1105 1610 πρὸς
1127 1520 1165 1589 τὸ

149 1626 371 1714 ὑποκείμενον
391 1631 548 1697 ἐπίπεδον
567 1626 656 1717 ὀρθή
676 1631 778 1715 ἐστιν,
797 1628 852 1695 καὶ
871 1628 955 1716 πρὸς
972 1628 1081 1706 πάσας
1100 1626 1166 1716 ἅμα

150 1732 209 1814 τὰς
236 1731 424 1822 ἁπτομένας
451 1731 553 1822 αὐτῆς
581 1731 715 1815 εὐθείας
741 1735 797 1802 καὶ
825 1733 928 1814 οὔσας
956 1737 992 1802 ἐν
1015 1738 1060 1825 τῳ
1083 1732 1166 1803 ὑπο-

99 1860 131 1908 16
150 1842 290 1932 κειμένῳ
323 1841 466 1932 ἐπιπέδῳ
496 1838 585 1928 ὀρθή
614 1843 704 1908 ἐστιν
732 1836 752 1926 ἡ
777 1847 857 1908 ΑΒ·
887 1837 971 1908 ὥστε
999 1841 1054 1908 καὶ
1082 1839 1167 1927 πρὸς

151 2054 249 2121 ἐστιν.
301 2057 370 2120 ἐστι
398 2052 435 2120 δὲ
462 2053 518 2119 καὶ
545 2049 566 2139 ἡ
593 2048 660 2119 ὑπὸ
690 2057 790 2118 ΗΖΒ
818 2047 920 2139 ὀρθή·
955 2052 1167 2139 παράλληλος

152 2157 216 2245 ἄρα
245 2158 334 2225 ἐστὶν
363 2155 472 2244 ἡΑΒ
500 2161 539 2246 τῇ
563 2164 639 2225 ΖΗ.
685 2158 705 2243 ἡ
734 2157 771 2225 δὲ
794 2164 859 2224 ΑΒ
887 2161 932 2248 τῳ
956 2155 1165 2249 ὑποκειμένῳ

152 2264 295 2355 ἐπιπέδῳ
323 2261 406 2348 πρὸς
434 2262 542 2352 ὀρθοῖς
570 2267 673 2332 ἐστιν·
700 2264 756 2331 καὶ
784 2262 805 2351 ἡ
831 2272 902 2332 ΖΗ
925 2264 992 2353 ἅμα
1018 2275 1064 2356 τῷ
1087 2261 1166 2333 ὑπο-

97 2390 132 2438 20
150 2371 291 2461 κειμένῳ
324 2370 468 2459 ἐπιπέδῳ
506 2368 590 2456 πρὸς
623 2368 731 2456 ὀρθάς
765 2373 865 2440 ἐστιν.
919 2372 975 2438 καὶ
1008 2372 1166 2439 ἐπίπεδον

151 2475 234 2563 πρὸς
267 2478 424 2543 ἐπίπεδον
451 2475 561 2563 ὀρθόν
590 2479 695 2561 ἐστιν,
727 2473 808 2545 ὅταν
836 2480 873 2544 αί
898 2481 937 2566 τῇ
961 2480 1058 2565 κοινῇ
1081 2480 1166 2565 τομῇ

152 2585 220 2649 τῶν
252 2581 417 2649 ἐπιπέδων
447 2581 531 2670 πρὸς
564 2579 672 2669 ὀρθὰς
699 2578 862 2669 ἀγόμεναι
889 2583 1020 2651 εὐθεῖαι
1049 2586 1085 2651 ἐν
1116 2583 1167 2650 ένὶ

152 2691 220 2754 τῶν
253 2689 418 2756 ἐπιπέδων
445 2690 491 2780 τῷ
519 2691 624 2780 λοιπῷ
653 2689 795 2779 ἐπιπέδῳ
824 2689 908 2777 πρὸς
939 2688 1046 2777 ὀρθὰς
1073 2680 1167 2757 ὦσιν.

152 2794 208 2860 καὶ
235 2797 274 2882 τῇ
301 2797 399 2882 κοινῇ
423 2803 508 2882 νομῇ
530 2804 598 2862 των
622 2795 788 2862 ἐπιπέδων
815 2799 855 2883 τῇ
878 2800 943 2862 ΓΕ
964 2798 1001 2863 ἐν
1025 2796 1075 2862 ἑνὶ
1098 2805 1167 2863 τῶν

99 2919 133 2968 2ο
153 2902 319 2968 ἐπιπέδων
340 2902 385 2991 τῷ
406 2907 475 2968 ΔΕ
496 2897 578 2988 πρὸς
602 2897 710 2987 ὀρθὰς
732 2901 875 2986 ἀχθεῖσα
898 2897 919 2987 ἡ
939 2906 1010 2967 ΖΗ
1029 2903 1165 2988 ἐδείχθη

224 3101 248 3150 4.
270 3094 359 3167 ἔσται]
380 3111 448 3150 corr.
470 3112 503 3149 ex
518 3091 593 3150 ἐστιν
614 3095 645 3149 V.
746 3100 770 3150 ὅ.
790 3090 894 3149 εὐθεῖα
909 3126 941 3135 -
959 3101 982 3149 7.
1003 3090 1090 3167 ἐστιν]
1110 3114 1166 3166 mg.

153 3166 278 3221 m.1V.
356 3175 379 3222 6.
399 3166 461 3236 τῆς]
481 3183 535 3220 om.
555 3186 576 3235 ῳ
596 3169 662 3235 (non
680 3166 721 3234 F).
796 3172 837 3222 13.
857 3161 915 3220 ἐστι
933 3164 1049 3232 ΡΒΕὟ,
1073 3184 1164 3236 comp.

152 3229 399 3292 ὶ).14.οὑσαΡ.
479 3242 519 3290 16.
540 3233 598 3291 ἐστι
616 3236 651 3291 V.
729 3239 884 3305 νωνίανφ.
960 3241 1001 3292 17.
1022 3238 1118 3308 ΗΖΒ]
1138 3239 1167 3293 iu

154 3324 207 3362 ras.
226 3306 259 3361 V.
335 3313 375 3362 18.
396 3303 483 3377 ἐστίν]
503 3324 556 3362 om.
571 3307 604 3362 V.
677 3309 715 3381 τῷ
748 3308 786 3381 τῷ
806 3304 881 3380 αὐτῷ
895 3308 924 3362 F.
1001 3313 1041 3363 19.
1062 3304 1121 3362 έσιι
1136 3309 1167 3365 Β.

212 3373 403 3445 καὶὴ-20.
425 3372 511 3449 ἐστιν]
531 3394 585 3434 om.
606 3379 631 3447 b,
650 3396 705 3448 mg.
753 3420 759 3431 .
820 3384 861 3432 19.
882 3381 936 3432 ΗΖ
951 3380 980 3433 P.
1045 3385 1088 3435 20.
1110 3375 1169 3434 ἐστι

153 3447 242 3515 PBV,
262 3465 352 3518 comp.
372 3450 400 3505 F.
478 3448 543 3520 καί]
572 3450 621 3504 καὶ
641 3446 707 3504 ἐπεί
722 3449 783 3503 BV.
865 3455 907 3503 21.
926 3445 997 3520 πρὸς
1017 3444 1166 3523 ἐπίπεδον]

81 3530 238 3704 Ἴωμεν
255 3537 291 3575 m.
311 3526 327 3574 2
347 3518 381 3576 V.
454 3525 496 3574 23.
517 3514 655 3593 ἐπιπέδῳ]
675 3521 730 3575 τῶν
751 3515 893 3575 ἐπιπέδων
912 3521 945 3577 V.
1035 3513 1086 3575 ὦσι
1105 3521 1165 3577 Vb.
