2468 3952
339 213 615 266 ELEMENTORUM
632 214 742 264 LIBER
760 215 808 266 XI.
1038 211 1080 274 79

133 355 185 422 Sit
204 358 282 422 data
300 361 388 421 reeta
402 361 467 421 AB
487 360 520 421 et
537 357 650 421 datum
669 357 737 420 eius
756 360 912 441 punctum
926 362 967 440 A,
986 357 1083 421 datus

61 470 173 530 autem
198 463 336 548 angulus
362 463 484 529 solidus
508 463 550 545 is,
573 464 629 547 qui
652 462 693 526 ad
714 466 747 525 A
764 464 891 546 positus
911 467 961 528 est
980 484 1080 549 angu-

60 572 103 636 lis
126 570 234 655 planis
259 574 378 653 EAP,
402 574 517 653 EAZ,
536 573 640 633 ΖΛΓ
658 569 918 654 comprehensus.
950 573 1082 653 oportet

60 679 165 763 igitur
198 677 237 741 ad
270 680 392 741 rectam
421 681 487 740 AB
520 680 552 740 et
583 680 740 759 punctum
769 676 836 740 eius
865 680 897 738 A
925 677 1081 760 angulum

61 783 205 849 solidum
234 786 420 848 construere
450 782 553 847 solido
582 781 716 866 angulo,
750 782 804 865 qui
833 781 872 845 ad
898 787 931 845 A
953 783 1080 864 positus

62 894 128 974 est,
153 889 332 973 aequalem.

131 998 278 1060 sumatur
302 993 445 1058 enimin
470 997 535 1057 ΔΖ
558 998 715 1078 punctum
738 993 869 1078 aliquod
893 998 935 1072 Z,
959 999 991 1058 et
1015 1017 1034 1058 a
1054 998 1081 1057 Z

61 1102 103 1167 ad
127 1103 261 1185 planum
279 1104 441 1165 rectarum
462 1104 543 1180 EA,
565 1104 636 1164 AF
650 1101 927 1185 perpendicularis
947 1101 1084 1166 dueatur

62 1211 132 1273 ZH
157 1210 259 1292 [prop.
277 1205 349 1290 ΧΠ,
373 1210 501 1272 etcum
524 1206 624 1290 plano
648 1211 820 1271 concurrat
842 1207 878 1270 in
896 1211 944 1291 H,
969 1210 1001 1271 et
1024 1207 1083 1270 du-

63 2269 159 2327 catur
176 2266 210 2325 A
217 2266 253 2326 H
260 2313 268 2345 ,
292 2265 325 2326 et
349 2262 388 2326 ad
412 2263 535 2325 rectam
554 2263 620 2323 AB
644 2253 853 2343 et'punoeum
873 2260 941 2325 eius
961 2268 993 2326 A
1012 2284 1085 2327 oon·

62 2372 210 2433 struatur
237 2372 375 2444 [ΒΑΛ
390 2397 432 2419 =
447 2369 562 2449 ΕΔΓ,
593 2370 735 2441 [ΒΑΚ
748 2398 789 2419 =
805 2371 921 2431 ΕΔΗ
946 2368 988 2453 [1,
1016 2369 1085 2453 23],

63 2479 98 2539 et
127 2479 268 2559 ponatur
292 2478 363 2538 ΑΚ
377 2505 418 2526 =
434 2477 521 2555 AH,
554 2476 586 2536 et
613 2473 648 2535 in
677 2479 797 2557 puncto
825 2477 858 2537 K
881 2474 921 2538 ad
949 2475 1083 2559 planum

63 2585 224 2645 rectarum
241 2585 323 2664 BA,
342 2585 410 2644 AA
433 2577 708 2665 perpendicularis
729 2580 873 2665 erigatur
891 2583 957 2644 ΚΘ
978 2584 1083 2665 [prop.

62 2687 157 2771 XH]‚
185 2691 218 2752 et
244 2692 386 2770 ponatur
415 2690 480 2750 Kc
495 2715 536 2737 =
551 2689 590 2748 H
595 2689 635 2769 Z,
665 2688 697 2750 et
725 2684 860 2750 ducatur
883 2691 957 2751 ΘΑ.
1003 2687 1086 2771 dico,

63 2793 222 2879 angulum
242 2793 395 2875 solidum,
418 2792 474 2877 qui
492 2792 533 2856 ad
552 2796 583 2854 A
607 2791 734 2874 positus
755 2792 799 2856 sit
817 2794 946 2877 angulis
967 2797 1084 2876 BAA,

63 2902 183 2983 ΒΑΘ,
202 2903 308 2964 ΘΑΛ
328 2897 589 2983 comprehensus,
613 2897 782 2980 aequalem
802 2920 872 2963 esse
891 2899 1011 2983 angulo
1031 2919 1083 2962 so-

62 3004 146 3089 lido,
170 3006 225 3089 qui
249 3006 288 3070 ad
308 3009 341 3068 A
359 3005 487 3090 positus
512 3004 555 3068 sit
573 3003 701 3088 angulis
721 3005 831 3087 ΕΔΓ,
854 3006 965 3084 ΕΔΖ,
988 3005 1089 3067 ΖΔΓ

64 3109 328 3193 comprehensus

133 3215 366 3281 abscindantur
390 3217 475 3280 enim
495 3221 575 3300 ΑΒ,
600 3219 633 3278 A
640 3220 672 3279 E
693 3216 780 3279 inter
803 3235 837 3277 se
862 3213 1026 3297 aequales,
1050 3218 1084 3278 et

64 3324 223 3388 ducantur
243 3325 318 3406 ΘΒ,
337 3326 418 3407 ΚΒ,
438 3326 513 3406 ΖΕ,
531 3326 611 3386 ΗΕ.
644 3325 676 3385 et
696 3321 849 3403 quoniam
868 3324 941 3384 ZH
954 3319 995 3384 ad
1014 3320 1084 3405 pla-

63 3451 143 3494 num
176 3429 348 3494 subiacens
375 3429 652 3512 perpendicularis
681 3431 745 3510 est,
777 3427 875 3491 etiam
904 3427 943 3490 ad
973 3447 1083 3492 omnes

64 3540 171 3602 rectas
200 3558 272 3600 eam
299 3537 471 3620 tangentes
500 3538 533 3598 et
560 3535 594 3598 in
621 3534 718 3617 plano
748 3533 928 3598 subiacenti
957 3533 1083 3618 positas
