2468 3952
353 213 626 268 mnumuuoauu
644 213 752 263 umen
770 215 816 265 m.
1024 207 1089 271 115

69 361 177 427 basim
201 360 273 443 ΞΡ,
296 361 343 424 ita
366 358 504 424 altitudo
529 355 626 421 solidi
646 360 725 419 ΛΨ
746 356 787 419 ad
810 353 1015 419 altitudinem
1039 375 1088 417 so-

68 466 132 532 lidi
151 471 221 531 BT
236 469 280 552 [p.
296 468 369 550 110,
387 469 402 531 1
416 468 487 551 sq.].
519 484 632 529 uerum
648 465 715 525 ΖΚ
729 491 770 514 =
786 465 861 545 ΕΘ,
880 460 942 533 ΞΡ
953 491 995 513 =
1006 463 1088 524 ΝΠ.

662 569 725 631 erit
752 568 854 652 igitur
881 570 918 630 ut
941 570 1004 630 ΕΘ
1031 567 1087 630 ba-

663 674 707 738 sis
731 673 772 738 ad
795 673 902 737 basim
926 676 1012 755 NH,
1040 673 1088 736 ita

662 780 801 845 altitudo
826 778 922 844 solidi
945 783 1025 842 ΔΨ
1045 777 1087 842 ad

662 886 867 950 altitudinem
895 885 992 949 solidi
1014 887 1086 949 BT.

662 993 717 1061 sed
729 991 907 1056 solidorum
918 997 950 1054 A
961 996 1009 1073 Ψ,
1023 994 1091 1053 ΒΤ

661 1102 695 1162 et
712 1100 791 1181 ΔΓ,
814 1102 880 1161 ΒΑ
903 1096 1013 1161 eadem
1037 1100 1087 1161 est

661 1203 809 1269 altitudo,
845 1226 944 1288 quare
968 1204 1031 1268 erit
1049 1208 1087 1267 ut

476 1295 496 1340 ⁰
613 1276 640 1326 X
661 1311 750 1374 basis
760 1314 823 1375 ΕΘ
839 1309 878 1374 ad
888 1311 991 1375 basim
1003 1313 1085 1391 NH,

490 1456 541 1530 -Ω
556 1401 580 1449 Ν
606 1406 609 1509 l
661 1419 708 1481 ita
736 1416 875 1481 altitudo
900 1416 995 1481 solidi
1020 1411 1093 1480 ΔΓ

200 1360 569 1810 &N
604 1512 608 1654 l
661 1524 701 1589 ad
743 1522 947 1587 altitudinem
990 1522 1085 1587 solidi

130 1602 514 1807 Ρῆῗιξ
560 1621 638 1674 ‘³³⁴¹'
660 1635 734 1695 ΑΒ.
793 1649 872 1712 ergo
907 1628 1085 1693 solidorum

661 1742 740 1816 AB,
760 1740 822 1801 TA
840 1734 1085 1818 parallelepipe-

660 1843 774 1908 dorum
811 1842 905 1905 bases
942 1841 976 1904 iu
1009 1862 1084 1904 oon-

64 1945 171 2010 traria
189 1948 315 2012 ratione
336 1951 411 2012 suut
429 1953 526 2031 atque
550 1949 746 2013 altitudines.

137 2051 206 2116 Iam
230 2075 340 2117 rursus
360 2054 537 2118 solidorum
557 2052 904 2138 parallelepipedorum
924 2056 1003 2135 AB,
1021 2054 1084 2115 ΓΛ

64 2159 163 2222 bases
192 2158 227 2222 in
255 2160 419 2224 contraria
446 2161 572 2224 ratione
601 2162 668 2225 sint
697 2165 794 2244 atque
822 2158 1023 2241 altitudines,
1051 2161 1084 2221 et

66 2266 113 2329 sit
136 2268 172 2329 ut
190 2269 255 2329 ΕΘ
277 2265 365 2329 basis
390 2266 430 2330 ad
449 2267 555 2331 basim
574 2271 661 2350 NH,
684 2268 732 2331 ita
750 2266 887 2330 altitudo
907 2265 1000 2329 solidi
1022 2267 1082 2328 ΓΛ

68 2371 111 2434 ad
136 2370 339 2436 altitudinem
364 2372 460 2436 solidi
483 2377 557 2436 ΑΒ.
603 2373 689 2458 dieo,
713 2395 783 2438 esse
808 2376 872 2435 ΑΒ
888 2402 929 2424 =
945 2374 1016 2435 ΓΛ.
1055 2390 1060 2401 ·

187 1808 216 1856 Μ
546 1810 567 1860 Γ

134 2477 250 2542 iisdem
275 2479 360 2542 enim
385 2480 595 2562 comparatis,
618 2481 772 2564 quoniam
790 2484 840 2544 est
858 2483 895 2543 ut
912 2478 1000 2543 basis
1019 2482 1083 2542 ΕΘ

65 2582 109 2648 ad
132 2587 210 2648 NH
229 2585 347 2665 basim,
371 2584 418 2649 ita
443 2586 579 2650 altitudo
604 2586 698 2650 solidi
723 2589 784 2650 ΓΔ
813 2587 853 2650 ad
876 2584 1082 2649 altitudinem

64 2688 163 2754 solidi
191 2693 269 2774 ΑΒ,
297 2695 330 2755 et
353 2695 416 2755 ΕΘ
430 2722 472 2744 --
489 2696 568 2775 ZK,
595 2695 673 2757 ΝΠ
684 2722 726 2745 =
742 2691 813 2775 ΞΡ,
841 2692 902 2756 erit
929 2695 966 2755 ut
992 2691 1081 2754 basis

65 2799 135 2859 ZK
156 2795 196 2860 ad
219 2795 282 2869 ΞΡ
300 2798 417 2882 basim,
442 2799 488 2861 ita
511 2798 647 2862 altitudo
673 2798 768 2864 solidi
788 2801 849 2862 ΓΔ
874 2798 913 2862 ad
937 2797 1081 2861 altitudi-

63 2923 141 2965 nem
166 2902 262 2966 solidi
284 2910 316 2967 A
322 2908 359 2967 B.
397 2904 450 2968 sed
471 2905 647 2969 solidorum
670 2908 750 2986 AB,
775 2908 804 2968 Γ
802 2910 835 2968 Δ
858 2908 891 2968 et
909 2907 937 2966 Β
947 2907 985 2981 Τ,
1005 2909 1037 2966 Δ
1048 2907 1085 2965 Ψ

64 3007 178 3072 eadem
202 3012 252 3072 est
276 3009 423 3076 altitudo.
456 3011 519 3074 erit
541 3011 642 3095 igitur
664 3014 701 3074 ut
720 3014 786 3074 ΖΚ
808 3011 897 3075 basis
916 3010 957 3074 ad
976 3009 1081 3072 basim

63 3113 137 3199 ΞΡ,
160 3116 207 3180 ita
231 3115 369 3180 altitudo
394 3117 489 3181 solidi
509 3122 589 3180 ΛΨ
609 3117 649 3181 ad
670 3117 876 3182 altitudinem
896 3116 990 3180 solidi
1009 3118 1081 3178 BT.

62 3222 175 3306 itaque
205 3221 382 3287 solidorum
410 3223 757 3307 parallelepipedorum
781 3227 857 3307 BT,
881 3227 961 3286 ΔΨ
985 3222 1080 3287 bases

138 3489 179 3538 17.
200 3483 274 3552 douo]
294 3501 348 3538 om.
368 3485 430 3553 Vq).
504 3488 564 3540 ἴσον
583 3491 620 3557 τῷ
641 3487 701 3555 ch.
778 3493 818 3542 19.
840 3487 905 3558 ΓΔ]
924 3486 968 3542 bie
987 3507 1016 3555 φ.

62 3561 107 3612 23.
128 3556 190 3610 ΑΒ]
213 3560 259 3608 ΒΑ
278 3554 334 3608 BV.
408 3561 449 3612 2⁷.
469 3558 541 3628 BT]
562 3558 634 3627 (alt.)
656 3563 682 3611 T
697 3558 728 3612 in
746 3577 799 3614 rae.
819 3558 852 3613 V.

883 3645 920 3699 8*
