2468 3952
141 212 183 276 10
274 179 276 183 ’
510 215 712 268 monum
730 210 782 268 ια’.

137 357 184 445 τῷ
207 351 414 446 ὑποκειμένῳ
438 355 597 446 ἐπιπέδῳ,
621 354 657 423 τὸ
684 354 721 422 δέ
745 357 781 423 ἐν
802 355 1046 444 μετεωροτέρῳ·
1070 352 1153 440 ὅπερ

139 464 207 527 ἔδει
230 462 343 541 δεῖξαι.

202 687 289 758 Ἐδιν
313 689 384 758 δύο
409 687 566 758 εὐθεῖαι
589 691 785 776 τέμνωσιν
808 688 998 778 ολλλήλας,
1027 693 1068 758 ἐν
1092 691 1157 758 ἐνί

101 801 240 865 σεέσιυ
264 798 448 888 ἐπιπέδῳ,
476 796 541 864 καὶ
564 799 639 863 πᾶν
662 801 862 882 τρίγωνον
891 800 932 865 ἐν
956 798 1023 865 ένί
1043 798 1154 864 ἐστιν

138 904 316 996 ἐπιπέδῳ.

204 1011 279 1078 Δύο
303 1007 368 1097 χολρ
393 1008 523 1076 εὐθεῖαι
542 1013 580 1077 αί
596 1016 676 1094 ΑΒ,
696 1015 763 1076 ΓΔ
780 1010 990 1096 τεμνέτωσαν
1008 1006 1154 1095 ἀλλήλας

136 1113 218 1182 κατὰ
249 1114 286 1182 τὸ
317 1123 348 1182 Ε
374 1129 526 1202 σημεῖον·
553 1116 655 1202 λέγω,
687 1112 739 1182 ὅτι
769 1118 808 1182 αἱ
833 1123 914 1202 ΑΒ,
938 1120 1008 1183 ΓΛ
1036 1116 1073 1182 ἐν
1101 1115 1157 1182 ένί

137 1226 223 1288 εἰσιν
241 1221 396 1312 ἐπιπέδῳ,
414 1223 470 1289 καὶ
488 1224 556 1289 πᾶν
575 1225 740 1309 τρίγωνον
761 1222 797 1289 ἐν
817 1222 871 1289 ένέ
886 1223 976 1289 ἐστιν
996 1221 1149 1312 ἐπιπέδῳ.

84 1346 118 1395 10
204 1326 372 1414 Εἰλήφθω
400 1325 465 1415 χδιρ
494 1327 548 1396 ἐπὶ
575 1331 643 1394 τῶν
667 1331 744 1412 ΕΓ,
768 1333 832 1393 ΕΒ
858 1325 1002 1413 τυχόντα
1031 1340 1152 1414 σημεῖα

135 1430 176 1501 τὰ
197 1441 239 1520 Ζ,
257 1439 308 1519 Η,
330 1433 387 1501 καὶ
406 1432 657 1520 ἐπεζεύχθωσαν
678 1435 715 1499 αἱ
726 1438 804 1518 ΓΒ,
825 1439 907 1519 ΖΗ,
926 1433 983 1501 καὶ
1001 1431 1149 1521 διήχθω-

136 1545 200 1607 σαν
233 1544 270 1606 αἱ
297 1546 373 1624 ΖΘ,
400 1546 489 1607 ΗΚ·
521 1540 606 1625 λέγω
633 1542 783 1627 πρῶτον,
813 1539 865 1608 ὅτι
893 1537 931 1608 τὸ
960 1545 1056 1607 ΕΓΒ
1084 1545 1153 1628 τρί-

134 1671 248 1731 χωνον
275 1648 312 1713 ἐν
341 1646 395 1713 ένέ
419 1647 510 1714 ἐστιν
534 1646 686 1736 ἐπιπέδῳ.
732 1650 763 1713 εἰ
788 1644 853 1733 γάρ
879 1648 948 1714 ἐστι
971 1650 1033 1714 τοῦ
1056 1655 1152 1716 ΕΓΒ

134 1749 302 1837 τριγώνου
325 1751 426 1838 μέρος
449 1749 524 1838 ἤτοι
546 1749 584 1819 τὸ
605 1756 704 1819 ΖΘΓ
727 1748 748 1837 ἢ
767 1749 804 1818 τὸ
823 1758 932 1819 ΗΒΚ
950 1755 1051 1845 ἐντῷ
1070 1751 1152 1822 ὑπο-

83 1875 115 1925 15
134 1858 273 1949 κειμένῳ
299 1860 487 1950 [ἐπιπέδῳ],
515 1857 553 1927 τὸ
579 1858 616 1926 δέ
639 1855 758 1925 λοιπδυ
786 1859 823 1925 ἐν
847 1855 953 1951 ἄλλῳ,
982 1865 1073 1927 ἐσται
1095 1860 1152 1957 κχὶ

135 1968 213 2050 μιᾶς
235 1969 303 2033 τῶν
322 1971 400 2051 ΕΓ,
419 1972 483 2032 ΕΒ
507 1963 652 2033 εὐθειῶν
676 1965 776 2052 μέρος
799 1964 860 2051 μέν
883 1990 915 2031 τι
939 1966 975 2032 ἐν
998 1970 1044 2056 τῷ
1067 1966 1150 2033 ὑπο-

134 2072 274 2161 κειμένῳ
302 2073 461 2162 ἐπιπέδῳ,
493 2069 531 2139 τό
561 2070 600 2138 δέ
626 2073 662 2139 ἐν
691 2069 792 2162 δι’λλῳ.
842 2077 874 2138 εί
899 2069 937 2139 δέ
965 2074 1027 2138 τοὺ
1055 2078 1151 2139 ΕΓΒ

133 2176 301 2262 τριγώνου
322 2176 361 2245 τὸ
386 2181 526 2243 ΖΓΒΗ
547 2177 646 2263 μέρος
675 2169 697 2265 ᾖ
722 2180 761 2265 ἐν,
781 2180 827 2268 τῷ
850 2174 1057 2267 ὑποκειμένῳ
1083 2180 1151 2245 ἐπι-

134 2283 235 2374 πέδῳ,
253 2281 291 2350 τὸ
312 2281 350 2350 δέ
367 2281 487 2349 λοιπὸν
506 2283 543 2349 ἐν
562 2280 664 2374 ἄλλῳ,
684 2287 776 2350 ἔσται
794 2283 849 2350 καὶ
868 2280 1068 2372 ἀμφοτέρων
1082 2287 1151 2352 τῶν

80 2407 116 2456 20
136 2394 213 2473 ΕΓ,
232 2396 295 2456 ΕΒ
318 2385 463 2456 εὐθειῶν
486 2388 587 2474 μέρος
604 2389 666 2475 μέν
684 2415 716 2456 τι
735 2390 836 2481 ἐντῷ
855 2385 1063 2481 ὑποκειμένῳ
1083 2392 1151 2457 ἐπι-

134 2492 300 2586 πέδῳ,τὺ
324 2493 362 2561 δέ
385 2495 421 2560 ἐν
444 2491 549 2584 ἄλλῳ·
576 2493 657 2583 ὅπερ
680 2492 807 2563 ἄτοπον
831 2497 977 2582 ἐδείχθη.
1021 2494 1060 2562 τὸ
1084 2493 1151 2582 ἄρα

134 2607 230 2668 ΕΓΒ
257 2605 422 2688 τρίγωνον
451 2601 487 2668 ἐν
516 2601 571 2668 ἑνί
591 2603 681 2669 ἐστιν
705 2601 857 2692 ἐπιπέδῳ.
904 2602 940 2668 ἐν
964 2590 990 2690 ᾧ
1016 2601 1055 2667 δέ
1080 2603 1150 2669 ἐστι

133 2705 172 2774 τὸ
200 2712 295 2774 ΕΓΒ
323 2711 504 2793 τρίγωνον,
537 2710 574 2776 ἐν
601 2705 708 2797 τούτῳ
735 2706 791 2773 καὶ
820 2706 957 2793 έκοιτέρα
979 2710 1047 2774 τῶν
1071 2712 1149 2792 ΕΓ,

134 2820 212 2898 ΕΒ,
236 2815 273 2880 ἐν
296 2802 323 2904 ᾦ
347 2811 385 2879 δέ
407 2813 546 2902 ἑκατέρα
568 2817 636 2881 τῶν
655 2817 732 2898 ΕΓ,
751 2819 830 2897 ΕΒ,
854 2811 1015 2903 ἐντούτῳ
1039 2814 1094 2880 καλ
1114 2816 1151 2879 αἱ

78 2937 115 2988 25
135 2926 215 3004 ΑΒ,
234 2923 309 2986 ΓΔ.
351 2921 389 2985 αέ
405 2927 486 3004 ΑΒ,
505 2924 571 2986 ΓΛ
594 2919 660 3006 δι’ροι
683 2915 815 2986 εὑδεῑοιι
839 2920 876 2987 ἐν
899 2918 953 2986 ἑνί
973 2923 1060 2987 εἰσιν
1084 2921 1149 2986 ἐπι-

133 3025 239 3118 πέδῳ,
266 3025 321 3092 κοιλ
348 3027 416 3093 πᾶν
443 3030 609 3111 τρίγωνον
633 3027 670 3093 ἐν
694 3024 749 3092 ένί
768 3025 857 3092 ἐστιν
882 3025 1038 3116 ἐπιπέδῳ·
1068 3023 1149 3114 ὅπερ

134 3137 202 3200 ἔδει
225 3132 338 3212 δεῖξαι.
1064 3138 1067 3144 ’

206 3331 230 3379 1.
249 3322 281 3378 τὸ
301 3321 347 3394 δέ]
365 3325 419 3392 Pb,
438 3321 521 3395 μέρος
539 3322 573 3379 δέ
591 3344 618 3379 τι
635 3323 725 3381 BEV.
795 3319 838 3396 ἐν]
860 3321 891 3380 ἐν
910 3326 948 3400 τῷ
967 3327 998 3382 Γ.
1059 3334 1083 3383 7.
1103 3326 1136 3382 αἱ

133 3412 188 3450 om.
206 3395 236 3450 F.
311 3399 352 3449 10.
372 3398 438 3464 ΕΓ,
457 3395 521 3466 ΕΒ]
540 3394 570 3450 in
588 3413 642 3452 ras.
657 3396 691 3452 V.
766 3401 807 3450 11.
834 3397 892 3468 ΓΒ]
912 3413 983 3453 corr.
1001 3397 1101 3452 inBP
1141 3443 1147 3456 .

188 3472 229 3520 12.
249 3466 343 3535 ΕΓΒ]
362 3464 417 3521 litt.
432 3471 454 3519 B
472 3465 503 3520 in
520 3483 576 3522 ras.
590 3485 627 3522 m.
645 3467 708 3533 11³3
729 3465 855 3522 ΕΒΓΒ.
913 3473 953 3524 14.
971 3471 1049 3524 ΖΓΘ
1061 3468 1092 3525 Ρ.

133 3531 219 3590 ἐν-
240 3541 280 3592 15.
300 3531 385 3609 ἄλλῳ]
407 3553 460 3592 om.
479 3536 506 3606 b,
530 3555 586 3609 mg.
605 3555 641 3592 m.
663 3545 677 3592 1
698 3537 730 3593 V.
823 3543 864 3594 15.
884 3533 1022 3613 ἐπιπέδῳ]
1044 3557 1097 3595 om.
1117 3540 1148 3595 P.
