2468 3952
380 209 845 262 nnnunuuoaunnrnnaxr.
1074 207 1117 271 41

575 350 646 417 XV.

171 457 206 523 Si
239 459 322 524 duae
354 464 459 525 rectae
489 461 575 524 inter
607 480 641 523 se
669 461 842 544 tangentes
872 459 996 524 duabus
1025 460 1122 525 rectis

101 565 191 628 inter
223 586 258 630 se
290 565 500 650 tangentibus
533 564 709 648 parallelae
742 570 818 629 sunt
849 587 914 630 non
946 566 980 628 in
1010 566 1123 630 eodem

102 672 203 755 plano
227 673 367 755 positae,
391 672 490 756 plana
514 693 625 737 earum
648 671 733 736 inter
757 693 792 735 se
813 672 970 756 parallela
994 677 1079 737 sunt

174 776 207 843 N
208 799 261 841 am
280 777 362 841 duae
376 779 484 842 rectae
498 777 582 841 inter
597 799 631 840 se
645 778 816 860 tangentes
826 780 858 839 A
863 780 892 840 Β
897 825 907 859 ,
922 779 989 841 ΒΓ
999 777 1122 841 duabus

101 883 202 948 rectis
232 883 319 948 inter
347 905 382 947 se
410 883 620 967 tangentibus
649 887 731 964 AE,
760 886 823 946 EZ
851 883 1026 965 parallelae
1057 884 1125 946 sint

101 1012 172 1055 non
203 991 238 1054 in
267 989 379 1054 eodem
409 989 508 1074 plano
536 990 670 1073 positae.
722 989 807 1071 dieo,
836 990 934 1073 plana
961 991 1123 1053 rectarum

101 1100 187 1178 ΑΒ,
207 1099 273 1161 ΒΓ
287 1100 321 1160 et
336 1100 420 1178 ΔΕ,
438 1099 502 1159 ΕΖ
515 1094 672 1179 producta
691 1095 777 1159 inter
797 1116 830 1158 se
844 1117 912 1159 non
926 1115 1124 1160 concurrere.

175 1201 310 1267 ducatur
342 1202 428 1266 enim
460 1224 480 1265 a
512 1204 540 1264 Β
572 1204 693 1285 puncto
727 1201 767 1264 ad
798 1200 933 1284 planum
961 1204 1124 1264 rectarum

104 1314 140 1374 A
146 1314 192 1391 E,
211 1312 274 1373 ΕΖ
292 1307 569 1393 perpendicularis
589 1308 662 1371 ΒΗ
678 1308 782 1390 [prop.
801 1306 861 1388 XI]
883 1312 916 1372 et
935 1328 1007 1371 cum
1025 1307 1124 1390 plano

104 1416 141 1479 in
161 1419 200 1479 H
219 1418 340 1499 puncto
365 1415 545 1496 concurrat,
569 1414 601 1476 et
623 1434 681 1497 per
700 1416 740 1477 H
752 1417 860 1478 rectae
878 1416 947 1476 ΕΔ
965 1412 1125 1495 parallela

537 1519 672 1582 ducatur
694 1522 778 1600 ΗΘ,
801 1522 908 1582 rectae
933 1522 1041 1582 autem
1061 1521 1124 1581 ΕΖ

535 1624 696 1707 parallela
713 1628 795 1688 HK.
832 1628 865 1688 et
884 1624 1036 1707 quoniam
1056 1626 1129 1688 ΒΗ

536 1731 576 1794 ad
604 1731 737 1815 planum
764 1733 926 1793 rectarum
955 1734 1037 1812 ΛΕ,
1062 1733 1125 1794 ΕΖ

534 1836 811 1920 perpendicularis
849 1842 910 1919 est,
948 1836 1046 1899 etiam
1084 1835 1125 1900 ad

535 1964 647 2006 omnes
670 1945 777 2006 rectas
804 1963 875 2006 eam
898 1943 1068 2023 tangentes
1093 1944 1126 2002 et

535 2048 569 2112 in
591 2048 690 2132 plano
713 2050 875 2112 rectarum
890 2052 924 2110 A
929 2051 961 2110 E
966 2096 976 2129 ,
991 2050 1054 2109 ΕΖ
1067 2068 1125 2129 po-

536 2154 616 2219 sitas
635 2140 739 2219 rectos
759 2154 897 2237 angulos
915 2153 1033 2218 efficiet
1049 2153 1126 2234 [def.

535 2261 580 2341 3].
603 2282 715 2325 uerum
725 2264 862 2344 utraque
871 2263 911 2324 H
910 2263 954 2342 Θ,
968 2262 1045 2323 ΗΚ
1053 2281 1125 2323 eam

535 2367 645 2451 tangit
673 2367 708 2430 in
734 2367 831 2451 plano
854 2371 1017 2432 rectarum
1041 2370 1125 2447 AE,

536 2475 599 2535 ΕΖ
612 2472 731 2555 posita.
753 2473 862 2557 itaque
877 2476 1012 2557 uterque
1024 2491 1124 2555 angu-

106 2577 160 2640 lus
175 2580 297 2659 ΒΗΘ,
316 2579 425 2641 ΒΗΚ
435 2581 543 2643 rectus
559 2581 617 2642 est.
641 2581 674 2642 et
688 2578 840 2662 quoniam
855 2581 922 2641 BA
934 2581 1043 2642 rectae
1056 2579 1096 2640 H
1097 2579 1126 2640 Θ

108 2683 268 2767 parallela
287 2686 337 2747 est
357 2685 463 2767 [prop.
475 2682 547 2767 IX]‚
567 2684 681 2769 anguli
699 2686 808 2747 ΗΒΑ
823 2687 862 2764 -l-
879 2687 982 2748 ΒΗΘ
1001 2683 1125 2747 duobus

108 2790 208 2854 rectis
236 2789 385 2872 aequales
414 2796 490 2854 sunt
519 2790 561 2874 [1‚
590 2790 657 2870 29].
709 2810 821 2854 uerum
850 2793 988 2864 [ΒΗΘ
1019 2793 1127 2852 rectus

110 2898 174 2978 est3
196 2896 306 2977 itaque
330 2895 428 2959 etiam
451 2899 596 2971 [ΗΒΑ
618 2897 735 2960 rectus.
781 2898 849 2958 HR
872 2895 973 2979 igitur
997 2894 1037 2957 ad
1061 2898 1127 2958 BA

47 3032 50 3036 *
109 3000 384 3084 perpendicularis
412 3006 471 3068 est
521 3001 633 3066 eadem
666 3000 704 3066 de
733 3021 831 3064 causa
857 3003 926 3063 ΗΒ
957 3000 1057 3063 etiam
1086 2999 1126 3063 ad

110 3109 178 3171 ΒΓ
200 3106 476 3192 perpendicularis
507 3112 564 3171 est.
601 3107 676 3170 iam
706 3106 860 3190 quoniam
882 3110 971 3169 recta
993 3107 1062 3168 ΗΒ
1087 3104 1128 3168 ad

111 3213 192 3278 duas
215 3217 321 3278 rectas
345 3214 430 3278 inter
453 3234 487 3276 se
506 3216 651 3277 secantes
671 3216 752 3293 BA,
770 3214 838 3275 ΒΓ
850 3210 1127 3295 perpendicularis

110 3393 154 3442 22.
175 3388 270 3458 ΗΒΑ]
291 3390 321 3441 Η
337 3388 388 3442 ius.
404 3388 437 3442 V.
511 3392 553 3442 23.
573 3383 604 3457 ἡ]
625 3387 698 3455 (alt.)
718 3403 802 3456 supra
821 3403 871 3443 scr.
886 3385 920 3441 V.
994 3391 1036 3441 26.
1058 3385 1125 3455 ΗΒ]

109 3457 413 3527 inras.V‚BHBb.
522 3457 758 3529 cul]inras.V.
862 3457 1129 3528 ae.Ha]P,eH

109 3527 225 3585 BFVb.
298 3524 441 3601 εὐθείαις]
461 3524 563 3599 ὀρθαῖς
582 3527 617 3598 Β,
637 3543 791 3598 suprascr.
810 3522 996 3591 εὖθείαιςιιι.
1017 3533 1041 3581 2.
