2468 3952
377 173 652 225 nummuronun
669 138 779 226 oman
796 177 844 228 m.
1074 176 1117 242 95

100 339 164 402 que
190 316 293 381 solido
313 316 378 382 tria
395 317 701 402 parallelogramma
719 319 835 403 tribus,
858 340 939 403 quae
958 321 998 385 iis
1017 343 1117 406 oppo-

99 423 168 489 sita
191 427 282 507 sunt,
304 427 337 487 et
360 424 511 508 aequalia
534 429 567 488 et
590 424 712 488 similia
736 429 812 488 sunt
841 427 885 508 [p.
911 426 951 490 77
980 432 1048 493 not.
1073 431 1117 510 1].

98 531 213 615 itaque
244 533 350 595 totum
379 529 517 595 solidum
545 530 854 615 parallelepipedum
882 536 951 596 ΑΕ
975 534 1038 599 toti
1067 557 1117 600 so·

98 637 168 701 lido
191 635 468 721 parallelepipedo
497 640 567 701 ΨΥ
593 637 728 719 aequale
756 640 805 701 est
829 637 903 718 [def.
930 639 995 721 10].
1043 640 1117 705 edu·

100 2659 217 2719 eantur
242 2658 319 2736 AP,
347 2658 381 2717 X
386 2659 415 2717 Y
435 2658 468 2718 et
491 2653 576 2717 inter
600 2675 634 2718 se
658 2657 852 2718 concurrant
874 2654 908 2717 in
931 2656 977 2737 Ω,
1005 2658 1037 2718 et
1060 2674 1117 2736 per

105 2763 135 2823 T
153 2762 262 2825 rectae
284 2761 358 2839 ΔΩΙ
373 2760 533 2843 parallelo
557 2758 693 2823 dueatur
715 2756 841 2843 ow),
865 2764 898 2825 et
920 2759 1117 2844 producatur

101 2870 166 2931 ΟΔ
185 2866 225 2930 ad
239 2889 285 2950 ,α,
304 2868 336 2930 et
350 2866 540 2951 expleantur
554 2865 657 2930 solida
670 2869 758 2947 ΩΨ,
774 2869 829 2929 ΡΙ.
852 2865 962 2949 itaque
977 2865 1116 2929 solidum

104 2976 191 3056 ΨΩ,
215 2973 304 3037 ouius
324 2971 412 3036 basia
431 2975 482 3036 est
500 2975 578 3035 ΡΨ
590 2970 939 3055 parallelogrammum,
958 2972 988 3035 oi
1007 2973 1116 3034 autem

100 3079 286 3163 oppositum
309 3080 381 3163 Ωρ,
411 3077 515 3142 solido
545 3082 628 3161 ΨΥ,
655 3078 745 3142 ouius
768 3076 858 3141 basis
882 3079 932 3141 est
954 3080 1026 3140 ΡΨ
1046 3098 1116 3158 par-

99 3185 393 3270 allelogrammum,
412 3184 442 3247 ei
462 3187 571 3248 autem
590 3183 776 3268 oppositum
797 3186 876 3266 ΨΦ,
899 3181 1034 3266 aequale
1055 3185 1116 3262 est3

99 3314 175 3358 nam
195 3296 228 3356 et
240 3292 276 3355 in
291 3290 402 3356 eadem
420 3291 493 3355 basi
508 3295 583 3354 sunt
597 3295 670 3354 ΡΨ
685 3296 718 3355 et
734 3290 793 3354 sub
808 3288 919 3354 eadem
935 3288 1117 3372 altitudine,

100 3402 134 3463 et
147 3401 255 3463 rectae
270 3420 381 3484 eorum
396 3397 573 3463 eminentes
588 3400 666 3481 ΡΩ,
681 3401 754 3479 ΡΨ,
773 3392 857 3480 Τᾏ,
875 3399 949 3480 ΤΧ,
963 3399 1032 3474 Σς,
1047 3396 1116 3477 Σό,

107 3507 173 3593 Ψρ,
197 3507 270 3567 ΨΦ
287 3503 322 3567 in
340 3503 456 3569 iisdem
475 3503 571 3569 reotio
591 3507 667 3567 sunt
685 3505 769 3584 ΩΧ,
788 3505 847 3570 ςΦ
865 3504 969 3586 [prop.
984 3500 1115 3581 XXIX}
