2468 3952
149 223 214 288 206
409 311 411 316 .
518 225 720 279 εεοιιιωαεα
738 219 788 296 ιμ’.

148 368 209 433 τού
231 365 352 434 κώνου.
397 364 638 453 τετμήσθωσαν
662 364 703 451 δή
728 368 766 432 αλ
785 371 863 448 ΕΖ,
887 371 969 448 ΖΗ,
992 370 1075 448 ΗΘ,
1100 371 1168 432 ΘΕ

148 473 354 559 περιφέρειαι
383 477 460 560 δίχα
486 472 569 541 κατὰ
596 472 636 540 τά
667 480 710 558 Ο,
737 480 787 558 Π,
815 479 856 555 Ρ,
884 479 918 539 Σ
943 485 1078 557 σημεῖα,
1106 473 1164 538 καὶ

149 577 400 665 ἐπεζεύχθωσαν
419 581 456 646 αλ
472 585 552 664 ΕΟ,
573 585 649 664 ΟΖ,
674 586 756 663 ΖΠ,
775 584 863 662 ΠΗ,
882 585 962 662 ΗΡ,
981 584 1056 662 ΡΘ,
1080 585 1163 664 ΘΣ,

148 691 225 752 ΣΕ.
279 686 336 752 καὶ
368 687 508 753 ἕκαστον
540 685 605 773 ἀρα
638 689 706 754 τών
738 690 851 770 ΕΟΖ,
889 691 1010 770 ΖΠΗ,
1047 690 1164 769 ΗΡΘ,

112 796 247 857 ὁΘΣΕ
270 790 446 877 τριγώνων
475 789 587 877 μεῖζόν
616 794 706 859 ἐστιν
734 788 755 877 ή
783 790 821 858 τὸ
849 791 954 877 ήμισυ
977 791 1077 877 μέρος
1099 794 1164 858 τοῦ

145 894 226 963 καθ’
244 897 342 965 ἑαυτὸ
356 896 523 984 τμήματος
536 901 596 965 τοῦ
611 903 746 964 ΕΖΗΘ
759 896 893 965 κύκλου.
920 896 976 964 καὶ
991 895 1163 965 ἀνεστάτω

146 1001 200 1088 ἐφ’
222 1003 365 1071 ἑκάστου
382 1008 451 1071 τών
464 1010 577 1091 ΕΟΖ,
597 1011 718 1090 ΖΠΗ,
737 1010 851 1090 ΗΡΘ,
870 1011 972 1072 ΘΣΕ
986 1002 1163 1089 τριγώνων

146 1110 291 1196 πυραμὶς
321 1108 385 1197 τήν
417 1109 524 1197 αύτήν
552 1109 708 1200 κορυφήν
736 1115 858 1197 ἔχουσα
889 1119 935 1199 τῷ
963 1108 1072 1200 κώνῳ·
1105 1110 1164 1176 καὶ

146 1215 266 1303 ἑκάστη
285 1215 350 1304 ἀρα
368 1220 437 1287 τών
452 1215 707 1285 ἀνασταθεισῶν
720 1220 921 1304 πυραμίδων
935 1221 1054 1302 μείζων
1069 1216 1162 1283 ἐστὶν

93 1337 126 1387 10
144 1317 166 1407 ή
185 1321 222 1390 τὸ
241 1323 345 1410 ήμισυ
362 1324 462 1411 μέρος
474 1327 536 1391 τού
549 1319 629 1390 καθ’
647 1321 769 1410 ἑαυτήν
782 1321 950 1409 τμήματος
962 1325 1024 1388 τοῦ
1038 1318 1162 1389 κώνου.

132 1429 321 1514 τέμνοντες
345 1428 387 1514 δή
410 1428 470 1508 τάς
491 1426 756 1516 ὑπολειπομένας
774 1433 985 1515 περιφερείας
1004 1430 1080 1514 δίχα
1104 1428 1162 1495 καὶ

146 1535 394 1621 ἐπιζευγνύντες
412 1533 548 1614 εὐθείας
568 1536 624 1602 καὶ
643 1532 839 1614 ἀνιστάντες
857 1531 910 1619 ἐφ’
933 1532 1075 1601 ἑκάστου
1090 1538 1161 1601 τών

144 1639 319 1728 τριγώνων
354 1646 544 1729 πυραμίδας
583 1640 646 1728 τήν
683 1639 790 1729 αύτήν
826 1640 982 1729 κορυφήν
1019 1641 1162 1727 ἐχούσας

144 1750 189 1838 τῷ
216 1746 314 1839 κώνφ
337 1748 515 1841 καὶτοῦτο
539 1748 592 1816 ἀεὶ
614 1751 792 1828 ποιοῦντες
813 1747 1056 1833 καταλείψομέν
1083 1771 1162 1814 τινα

92 1865 125 1916 15
145 1849 361 1940 ἀποτμήματα
386 1858 450 1923 τοῦ
471 1856 599 1940 κώνου,
627 1851 649 1921 ἃ
677 1859 769 1922 ἔσται
792 1853 959 1922 ἐλάσσονα
981 1854 1039 1938 τής
1061 1848 1161 1939 ὑπερ-

145 1962 235 2046 οχής,
262 1952 285 2047 ή
311 1959 464 2050 ὑπερέχει
493 1988 511 2030 ο
536 1966 715 2028 ΕΖΗΘΝ
738 1963 847 2038 κώνος
872 1962 935 2026 τοῦ
957 1961 988 2036 Ξ
1013 1962 1162 2045 στερεοῦ.

143 2071 322 2153 λελείφθω,
345 2068 401 2133 καί
424 2071 508 2134 ἔστω
531 2065 572 2133 τά
595 2068 648 2134 ἐπὶ
670 2069 739 2135 τών
758 2072 837 2151 ΕΟ,
863 2071 940 2151 ΟΖ,
965 2071 1047 2149 ΖΠ,
1071 2071 1160 2151 ΠΗ,

143 2179 224 2258 ΗΡ,
242 2180 315 2259 ΡΘ,
340 2179 425 2258 ΘΣ,
449 2180 529 2240 ΣΕ·
557 2171 656 2259 λοιπὴ
679 2171 746 2259 άρα
769 2170 789 2258 ή
813 2177 972 2259 πυραμίς,
999 2162 1039 2257 ής
1062 2171 1160 2256 βάσις

143 2277 204 2363 μέν
228 2279 297 2345 ἐστι
319 2278 357 2346 τὸ
376 2286 656 2348 ΕΟΖΠΗΡΘΣ
676 2278 888 2366 πολύγωνον,
910 2275 1043 2368 κορυφή
1063 2277 1101 2345 δέ
1119 2276 1159 2345 τὸ

90 2395 124 2446 ’20
143 2390 183 2451 Ν
202 2399 352 2472 σήμεῐον,
376 2392 495 2473 μείζων
519 2388 588 2454 ἐστὶ
610 2391 671 2454 τοῦ
695 2389 726 2464 Ξ
746 2387 892 2473 στερεοῦ.
934 2383 1158 2471 ἐγγεγράφθω

45 2505 48 2509 ’
141 2491 198 2557 καὶ
221 2495 268 2570 είς
294 2489 355 2559 τὸν
376 2498 510 2560 ΑΒΓΔ
532 2492 657 2561 κύκλον
684 2496 730 2585 τῷ
754 2497 1035 2560 ΕΟΖΠΗΡΘΣ
1055 2498 1158 2558 πολυ-

8 2610 12 2617 ’
141 2595 240 2687 γώνφ
269 2594 390 2684 ὅμοιόν
416 2625 451 2666 τε
472 2600 529 2666 καὶ
557 2597 681 2686 ὁμοίως
706 2603 862 2685 κείμενον
889 2595 1089 2682 πολύγωνον
1117 2594 1156 2663 τὸ

142 2710 438 2791 ΑΤΒΥΓΦΔΧ,
460 2706 517 2772 καὶ
535 2703 704 2773 ἀνεστάτω
729 2705 782 2773 ἐπὶ
800 2707 861 2772 τοῦ
879 2708 1162 2770 ΑΤΒΥΓΦΔΧ

141 2809 341 2896 πολυγώνου
372 2812 518 2898 πυραμὶς
548 2811 610 2898 τὴν
643 2810 750 2898 αύτήν
776 2807 932 2896 κορυφήν
959 2814 1081 2897 ἔχουσα
1108 2814 1155 2900 τῷ

88 2927 121 2977 25
139 2916 254 3007 κώνφ,
284 2917 339 2984 καὶ
371 2922 439 2986 τών
462 2918 524 3005 μὲν
556 2916 779 3007 περιεχόντων
806 2915 869 3003 τήν
895 2920 1082 3003 πυραμίδα,
1115 2907 1157 3001 ής
1200 3009 1204 3015 “

140 3022 237 3108 βάσις
259 3025 320 3121 μέν
344 3027 410 3092 ἐστι
434 3024 472 3093 τὸ
491 3032 591 3094 ΛΤΒ
600 3031 771 3092 ΤΓΦΔΧ
786 3020 998 3109 πολύγωνον,
1020 3020 1154 3112 κορυφή

141 3128 178 3197 δὲ
205 3129 242 3197 τὸ
266 3137 298 3198 Λ
326 3145 480 3218 σημεῖον,
508 3135 545 3199 ἓν
572 3136 739 3219 τρίγωνον
769 3135 852 3198 ἔστω
879 3127 918 3196 τὸ
942 3133 1058 3212 ΛΒΤ,
1085 3131 1154 3195 τών

140 3236 178 3303 δὲ
200 3238 423 3324 περιεχόντων
450 3237 512 3324 τήν
535 3242 720 3325 πυραμίδα,
748 3229 788 3322 ἦς
814 3237 910 3321 βάσις
936 3235 997 3322 μέν
1021 3236 1090 3301 έστι
1114 3232 1152 3302 τὸ

138 3395 351 3410 *—

211 3489 234 3538 ι.
254 3482 303 3555 τά]
322 3485 354 3539 τό
373 3484 407 3541 V.
461 3492 488 3541 4.
508 3486 604 3557 ΗΡΘ]
621 3487 710 3541 HE&
728 3504 756 3556 q.
812 3491 836 3540 τ.
851 3477 906 3552 ἀφ’
922 3482 956 3537 V.
1012 3481 1154 3552 Εοι]ο

138 3552 168 3608 in
186 3571 239 3610 ras.
259 3573 296 3609 m.
315 3561 331 3609 2
350 3555 382 3624 Β,
402 3557 484 3610 ΕΘΖ
502 3575 529 3626 q.
607 3564 633 3612 8.
653 3554 767 3627 ἔχοντα]
786 3577 803 3627 χ
821 3557 922 3641 ἰωττε.
941 3553 973 3608 Β.
1047 3561 1071 3608 9.
1091 3554 1153 3622 μεί-

58 3680 111 3724 Ι..
