2468 3952
133 211 199 278 362
527 215 752 267 mmm

131 353 170 423 τὸ
193 352 259 422 ἀπὸ
281 358 350 422 τῶν
370 360 446 423 ΛΓ.
486 354 542 423 καὶ
566 355 635 423 ἐπεὶ
658 352 908 424 πενταπλάσιόν
935 356 1010 422 έσττ
1034 351 1075 423 τὸ
1098 352 1152 422 α’στὸ

130 465 190 547 τῆς
208 467 278 529 ΔΓ
295 472 357 529 τοῦ
381 457 446 530 ἀπὸ
470 465 530 547 τῆς
548 469 627 549 ΔΑ,
650 459 687 531 τὸ
711 460 778 548 ἄρα
800 457 866 529 ἀπὸ
891 462 964 529 τῶν
984 466 1062 529 ΔΓ
1080 460 1153 548 πρός

131 565 168 636 τὸ
184 563 249 636 ἄντό
265 572 334 637 τῶν
349 576 417 635 ΛΑ
429 569 534 654 λόγον
549 564 612 635 οὐκ
626 572 703 655 ἔχει,
727 563 768 636 όν
783 565 998 656 τετράγωνος
1012 563 1152 657 ἀριθμὸς

131 672 214 761 πρὸς
236 673 448 761 τετράγωνον
471 669 633 760 ἀριθμόν,
656 670 731 742 ἀλλ’
758 669 800 742 ὃν
823 671 885 761 μὲν
904 669 1064 761 ἀριθμὸς
1081 672 1152 764 πρὸς

97 777 291 866 οάριθμόν.
333 777 543 866 ἀσύμμετρος
566 777 633 870 ἄρα
656 779 748 848 ἐστὶν
770 777 792 866 ἡ
812 784 884 847 ΛΓ
900 788 942 867 τῇ
965 788 1038 848 ΔΑ
1057 779 1150 869 μήκει,

131 889 190 952 ναί
209 886 278 953 ἐστι
301 883 383 971 ῥητὴ
407 884 557 971 ἑκατέρα·
581 888 619 952 αἱ
630 890 708 971 ΓΔ,
725 893 790 954 ΔΑ
807 883 873 971 ἄρα
892 884 997 972 ῥηταί
1014 891 1085 956 εἰσι
1103 892 1148 955 ὃν·

131 990 229 1077 νόμει
256 989 365 1078 μόνον
392 989 584 1080 σύμμετροι.
634 989 784 1078 ἀποτομὴ
813 989 879 1077 ἄρα
908 991 1003 1060 ἐστὶν
1035 991 1148 1080 ἡΑΓ.

132 1097 215 1184 ῥητὴ
239 1097 276 1165 δὲ
298 1094 320 1183 ἡ
343 1104 425 1183 ΑΒ,
452 1097 507 1165 καὶ
535 1101 581 1188 τῷ
605 1095 672 1166 ἀπὸ
699 1102 768 1166 τῶν
791 1102 861 1165 ΑΓ
880 1105 958 1165 ἴσον
981 1098 1078 1185 παρὰ
1099 1101 1149 1186 τὴν

133 1210 201 1270 AB
227 1204 475 1290 παραβέβληται
501 1201 540 1271 τὸ
568 1200 636 1272 ὑπὸ
663 1213 732 1272 τῶν
760 1210 840 1286 ΑΒ,
871 1208 945 1272 ΒΓ.
996 1202 1040 1274 τὸ
1075 1205 1149 1274 III

81 1328 114 1377 10
133 1305 307 1396 ότοτομὴν
333 1307 423 1397 παρὰ
451 1308 557 1398 ῥητὴν
585 1309 887 1398 παραβαλλόμενον
914 1313 1047 1391 πλάτος
1073 1322 1150 1380 ποιεῖ

133 1410 306 1501 ἀποτομὴν
328 1415 474 1503 πραότην.
515 1412 666 1503 ἀποτομὴ
690 1414 757 1504 όιρα
778 1416 835 1483 καὶ
857 1412 879 1503 ἡ
902 1422 976 1485 ΓΒ.
1020 1418 1149 1508 ἑκατέρα

133 1515 152 1587 ὁ
180 1517 246 1605 ἄρα
272 1516 333 1586 τὸν
359 1525 438 1605 ΑΓ,
465 1525 528 1588 ΓΒ
555 1519 707 1609 ἀποτομή
735 1522 835 1590 ἐστιν.
885 1518 947 1590 ἐὰν
976 1520 1049 1612 ἄρα
1075 1522 1147 1613 ῥητὴ

133 1623 251 1693 εὐθεῖα
278 1622 383 1714 όνρον
405 1626 461 1694 καὶ
488 1626 592 1715 μέσον
616 1629 720 1715 λόγον
746 1636 875 1717 τμηθῇ,
902 1627 1069 1719 έκότερον
1091 1635 1148 1700 τόν

132 1730 313 1818 τμημάτων
336 1728 488 1817 ἀνατομή
511 1734 611 1801 ἐστιν.

630 1932 659 1997 7.

417 2053 474 2119 Ad
497 2053 584 2121 libr.
607 2053 689 2120 XIH
711 2078 815 2141 prop.
840 2057 871 2123 5.
979 2002 984 2010 λ

82 2193 115 2244 15
561 2173 715 2257 Ἄλλως.

196 2295 274 2365 Ἐὰν
293 2294 411 2365 εὐθεῖα
429 2296 562 2386 γραμμὴ
582 2297 688 2385 ἄκρον
705 2302 761 2368 καὶ
779 2302 884 2388 μέσον
902 2301 1010 2388 λόγον
1028 2314 1151 2395 τμηθῇ,

133 2406 224 2469 ἔσται
252 2400 297 2482 ὥς
326 2402 579 2491 συναμφότερος
606 2401 628 2492 ἡ
658 2405 719 2492 ὅλη
746 2406 803 2474 καὶ
829 2407 867 2475 τὸ
896 2415 1012 2494 μεῖζον
1042 2422 1152 2499 τμῆμα

132 2505 216 2594 πρὸς
237 2506 301 2593 τὴν
324 2505 423 2594 ὅλην,
454 2506 604 2596 οὕτωςὴ
634 2507 695 2598 ὅλη
723 2511 808 2601 πρὸς
833 2511 871 2581 τὸ
895 2519 1012 2600 μεῖζον
1035 2528 1154 2605 τμῆμα.

200 2609 332 2682 Εαλθεῖα
354 2613 419 2700 γάρ
442 2642 493 2695 τις
515 2613 536 2703 ἡ
555 2622 621 2683 AB
645 2614 751 2704 όὶκρον
773 2620 830 2686 καὶ
853 2621 958 2707 μέσον
978 2620 1089 2708 λόγον
1106 2649 1151 2692 τε·

80 2739 115 2791 20
132 2719 273 2808 τμήσθω
300 2718 384 2788 κατὰ
410 2720 447 2790 τὸ
472 2728 510 2808 Γ,
538 2723 595 2791 καὶ
618 2728 701 2792 ἔστω
730 2731 843 2812 μεῖζον
869 2732 984 2814 τμῆμα
1011 2725 1058 2796 τὸ·
1077 2735 1152 2798 ΑΓ·

132 2829 234 2914 λέγω,
263 2825 315 2895 ὅτι
338 2827 429 2895 ἐστὶν
453 2825 498 2908 ὡς
521 2829 775 2918 συναμφότερος
797 2828 818 2919 ἡ
842 2837 948 2900 ΒΑΓ
964 2832 1050 2922 πρὸς
1074 2844 1151 2922 AB,

134 2935 241 3015 οὕτως
263 2931 284 3020 ἡ
308 2940 371 3001 BA
392 2933 476 3023 πρὸς
498 2941 577 3004 ΑΓ.

199 3044 339 3107 Κείσθω
367 3037 432 3127 γὰρ
459 3043 499 3130 τῇ
523 3048 593 3110 ΑΓ
615 3049 671 3129 ἴση
699 3039 720 3131 ἡ
744 3051 823 3110 ΑΔ·
851 3043 953 3130 λέγω,
983 3045 1037 3114 ὅτι
1065 3049 1153 3116 ἐστὶν

205 3241 229 3290 7.
250 3235 310 3290 Ηοο
333 3229 423 3297 ἄλλως
446 3234 534 3289 habet
551 3235 573 3289 P
592 3239 658 3306 post
675 3237 754 3308 XIII,
774 3243 803 3306 6,
822 3255 842 3307 q
859 3238 888 3292 in
907 3239 988 3295 textu
1006 3258 1059 3311 pro
1078 3241 1150 3311 xm,

134 3313 158 3374 6,
177 3306 196 3361 b
216 3324 272 3378 mg.
291 3324 327 3359 m.
349 3311 363 3359 1
382 3307 448 3376 post
465 3304 540 3376 XIII,
559 3311 584 3361 5.

205 3487 247 3536 15.
267 3477 370 3553 ἄλλος]
390 3499 444 3537 om.
465 3500 497 3551 q,
515 3480 546 3537 in
565 3500 620 3552 quo
639 3500 770 3539 numerus
789 3500 868 3555 prop.
888 3501 985 3542 erasus
1004 3490 1058 3544 est.

136 3558 179 3610 16.
197 3552 264 3624 μεὀο
285 3570 312 3621 q.
385 3558 428 3608 20.
449 3552 530 3625 ἔστω]
552 3551 631 3609 ἔσται
649 3554 676 3610 b.
750 3561 793 3611 21.
812 3556 874 3628 AB]
895 3561 940 3610 BA
960 3557 991 3613 P.
