2468 3952
144 210 210 276 212
513 193 716 262 νυοιαωωι
735 204 785 281 ιγ’.

142 352 228 442 πρὸς
253 352 315 439 τὴν
339 358 416 420 ΖΜ
439 347 607 438 ὁμόλογον
635 349 799 437 πλευρῶν,
826 351 997 416 τουτέστιν
1029 344 1163 433 ἥπερὴ

144 468 212 528 BA
239 459 322 547 πρὸς
348 459 411 546 τὴν
435 466 504 526 ΖΘ.
549 458 605 525 καὶ
633 455 678 537 ῶς
700 461 737 524 ἓν
763 459 832 525 τῶν
854 454 1055 542 ἡγουμένων
1077 453 1166 542 πρὸς

144 571 182 635 ἓν
208 570 277 635 τῶν
305 566 493 651 ἑπομένων,
522 561 629 643 οὕτως
656 561 786 630 ἅπαντα
814 560 854 629 τὰ
883 560 1055 648 ἡγούμενα
1078 558 1165 644 πρὸς

144 670 275 749 ἅπαντα
296 669 340 738 τδι
364 670 523 757 ἑπόμενα·
547 674 638 737 ἔστιν
661 667 727 754 ι’ίρα
749 669 806 735 καὶ
829 666 873 748 ῶς
896 665 917 754 ἡ
941 673 1082 734 ΒΚΤΛ
1106 688 1165 760 πυ

110 778 246 865 οραμίς
267 764 351 864 πρὸς
372 774 434 863 τὴν
458 782 612 844 ΖΜΟΝ
629 779 817 862 πυραμίδα,
841 772 949 854 ούπως
971 771 992 859 ἡ
1017 773 1078 859 ὅλη
1103 796 1165 840 πυ-

145 890 255 970 ραμίς,
272 876 313 970 ἧς
330 882 428 969 βάσις
446 880 484 951 τὸ
499 888 785 949 ΑΤΒΥΓΦΔΧ
799 880 1011 967 πολύγωνον,
1027 879 1165 967 κορυφὴ

146 989 185 1058 δὲ
207 988 245 1058 τὸ
270 998 301 1057 A
325 1001 476 1076 σημεῖον,
499 987 583 1075 πρὸς
605 986 668 1073 τὴν
691 987 775 1073 ὅλην
797 992 980 1074 πυραμίδα,
1002 979 1043 1072 ἧς
1065 987 1166 1071 βάσις

145 1095 207 1183 μὲν
230 1094 269 1163 τὸ
294 1086 575 1162 ΕΟΖΠΗΡΘΣ
599 1093 816 1179 πολύγωνον,
843 1092 977 1180 κορυφὴ
1006 1093 1044 1160 δὲ
1066 1090 1106 1160 τὸ
1131 1098 1170 1159 Ν

147 1214 299 1290 σημεῖον·
315 1202 399 1270 ὥστε
406 1202 462 1269 καί
469 1205 625 1288 πυραμίς,
633 1191 674 1286 ἧς
682 1199 849 1287 βύσιςμὲν
859 1199 1164 1283 τὸΑΤΒΤΓΦΔΧ,

97 1328 131 1378 10
148 1306 282 1394 κορυφὴ
300 1307 345 1383 δὲ
366 1306 405 1374 τὸ
424 1313 471 1392 A,
493 1306 578 1394 πρὸς
600 1306 663 1394 τὴν
685 1311 867 1394 πυραμίδα,
890 1298 931 1392 ἧς
952 1304 1050 1391 βάσις
1074 1305 1164 1391 [μὲν]

146 1412 185 1481 τὸ
208 1420 490 1482 ΕΟΖΠΗΡΘΣ
514 1413 731 1501 πολύγωνον,
759 1411 891 1500 κορυφὴ
922 1412 960 1479 δὲ
986 1410 1023 1478 τὸ
1048 1418 1088 1479 Ν
1109 1429 1166 1497 ση-

148 1531 259 1605 μεῖον,
277 1525 507 1606 ’τριπλασίονα
534 1520 637 1605 λόγον
666 1525 732 1607 ἔχει
754 1519 839 1606 ἥπερ
862 1516 883 1604 ἡ
907 1526 971 1585 ΒΛ
993 1517 1079 1603 πρὸς
1101 1515 1165 1604 τὴν

148 1632 217 1692 ΖΘ.
268 1623 441 1694 ὑπόκειται
471 1627 509 1694 δὲ
536 1628 592 1694 καὶ
621 1624 638 1693 ὃ
666 1630 791 1710 κῶνος,
825 1618 867 1693 ού
894 1623 993 1710 βάσις
1026 1624 1118 1710 [μὲν]
1148 1622 1166 1691 ὁ

147 1724 282 1799 ΑΒΓΔ
304 1732 442 1817 κύκλος,
463 1731 597 1819 κορυφὴ
621 1733 660 1800 δὲ
681 1730 719 1799 τὸ
744 1740 774 1799 A
798 1745 948 1818 σημείου,
972 1729 1055 1818 πρὸς
1076 1729 1116 1798 τὸ
1141 1733 1171 1808 Ξ

97 1857 130 1907 15
151 1836 287 1926 στερεὸν
319 1843 539 1924 τριπλασίονα
570 1838 674 1923 λόγον
707 1843 792 1925 έχων
825 1835 909 1924 ἥπερ
941 1834 962 1922 ἡ
992 1844 1055 1904 ΒΛ
1083 1835 1170 1925 πρὸς

148 1942 211 2030 τὴν
234 1952 308 2012 ΖΘ·
338 1949 428 2012 ἔστιν
453 1944 519 2030 ύρα
542 1941 588 2024 ῶς
611 1941 629 2013 ὁ
653 1948 777 2028 κῶνος,
805 1936 847 2010 οὗ
869 1944 967 2029 βάσις
990 1944 1051 2030 μέν
1075 1945 1168 2011 ἐστιν

150 2050 168 2117 ὁ
192 2056 327 2117 ΑΒΓΔ
352 2037 491 2136 κύκλος,
518 2050 651 2137 κορυφὴ
677 2051 715 2118 δὲ
741 2049 780 2118 τὸ
802 2058 848 2136 Λ,
877 2049 961 2135 πρὸς
983 2048 1021 2118 τὸ
1045 2052 1076 2127 Ξ
1097 2069 1168 2118 στε-

150 2156 241 2240 ρεόν,
261 2152 367 2235 οὕτως
384 2154 406 2242 ἡ
425 2161 581 2244 πυραμίς,
600 2149 639 2242 ἧς
653 2157 750 2242 βάσις
763 2155 824 2243 μὲν
838 2154 876 2223 τὸ
891 2163 991 2223 ATB
999 2162 1134 2223 ΤΓΦΔ
1139 2164 1174 2223 Χ

150 2258 394 2346 [πολύγωνον],
421 2261 554 2349 κορυφὴ
583 2261 620 2329 δὲ
647 2260 685 2330 τὸ
710 2269 756 2346 A,
783 2259 867 2351 πρὸς
893 2260 956 2347 τὴν
983 2266 1169 2347 πυραμίδα,

98 2387 131 2437 20
150 2358 191 2452 ἧς
213 2364 312 2451 βάσις
334 2368 395 2453 μέν
419 2370 488 2435 ἐστι
510 2366 548 2436 τὸ
572 2375 852 2436 ΕΟΖΠΗΡΘΣ
872 2367 1089 2453 πολύγωνον,
1113 2393 1169 2435 κο-

151 2469 242 2559 ρυφὴ
273 2472 311 2539 δὲ
333 2472 365 2538 τί
394 2479 442 2539 Ν·
471 2472 612 2554 ἐναλλὰξ
635 2472 716 2559 ύρα,
744 2473 790 2554 ῶς
813 2471 831 2542 ὁ
854 2477 978 2557 κῶνος,
1008 2463 1049 2540 οὗ
1072 2474 1171 2557 βάσις

150 2577 213 2665 μέν
237 2575 409 2646 ὁΑΒΓΔ
431 2577 567 2664 κύκλος,
590 2578 722 2668 κορυφὴ
747 2579 785 2647 δὲ
807 2576 845 2648 τὸ
869 2586 914 2661 A,
938 2576 1022 2665 πρὸς
1042 2576 1107 2665 τὴν
1132 2581 1170 2646 ἐν

151 2682 241 2776 αύτῷ
265 2689 452 2772 πυραμίδα,
476 2678 516 2772 ἧς
538 2685 636 2772 βάσις
657 2686 719 2774 μὲν
742 2686 779 2753 τὸ
804 2692 1091 2753 ΑΤΒΥΓΦΔΧ
1110 2708 1170 2754 πο-

154 2789 322 2876 λύγωνον,
340 2789 473 2880 κορυφὴ
493 2792 531 2860 δὲ
548 2790 586 2890 τὸ
601 2800 648 2880 A,
673 2792 780 2871 οὕτως
796 2790 834 2859 τὸ
853 2795 884 2869 Ξ
901 2789 1065 2879 [στερεὸν]
1084 2793 1171 2881 πρὸς

99 2917 133 2968 ιι
151 2895 213 2984 τὴν
236 2892 424 2985 πυραμίδα,
451 2889 494 2985 ἧς
521 2897 619 2983 μίας
646 2900 707 2985 μέν
735 2901 804 2966 ἐστι
826 2896 864 2966 τὸ
889 2905 1173 2967 ιιοτιτΗΡοΣ

152 3002 365 3089 πολύγωνον,
387 3003 520 3091 κορυφὴ
546 3002 584 3071 δὲ
605 3003 643 3071 τὸ
667 3011 711 3071 N.
747 3009 866 3091 μείζων
890 3003 928 3071 δὲ
952 3002 969 3072 ὁ
994 3007 1172 3093 είρῃμένος

152 3113 260 3189 κῶνος
281 3112 341 3195 τῆς
364 3111 401 3176 ἐν
425 3107 515 3201 αύτῷ
535 3113 734 3198 πυραμίδος·
759 3111 941 3198 ἐμπεριέχει
963 3107 1027 3197 γδιρ
1051 3108 1170 3199 αύτήν.

153 3222 265 3303 μείζον
288 3213 354 3302 ἄρα
377 3217 433 3283 καί
455 3215 493 3285 τὸ
512 3218 543 3293 Ξ
563 3214 699 3303 στερεὸν
717 3219 775 3302 τῆς
793 3221 991 3305 πυραμίδος,
1014 3209 1054 3304 ἧς
1071 3217 1172 3303 βάσις

224 3468 250 3518 2.
269 3463 334 3535 τήν]
354 3481 409 3520 om.
429 3466 485 3533 Bq.
557 3465 623 3536 καί]
642 3460 704 3519 ἀλλ’
724 3464 810 3536 BVq.
884 3470 909 3521 4.
929 3461 997 3536 ἄρα]
1017 3463 1050 3520 δέ
1069 3467 1103 3521 V.

154 3536 180 3587 8.
198 3531 252 3602 μέν
271 3530 330 3589 ἐστι
348 3536 401 3604 Bq.
483 3540 524 3592 10.
543 3542 568 3591 A
586 3542 703 3605 σημεῖον
721 3536 755 3592 V.
832 3532 897 3607 τήν]
916 3554 971 3592 om.
990 3537 1024 3592 V.
1102 3538 1169 3612 μέν]

81 3630 137 3712 *ι’
