2468 3952
364 209 642 284 annunnronnru
660 209 769 260 urana
786 210 847 259 nn.
1047 205 1108 269 181

97 352 156 417 lidi
184 352 452 448 parallelepipedi
481 352 554 436 [XL
577 353 648 436 28],
677 352 776 435 triplo
807 351 910 414 maius
939 355 990 415 est
1017 374 1111 435 pyra-

96 459 181 523 mide
193 461 298 543 [prop.
308 459 395 538 VII].
411 480 488 544 ergo
500 461 599 523 etiam
607 460 736 523 ΑΒΓΗ
737 481 744 522 :
753 455 1111 540 AEle=BP³AEZ³3

95 565 181 649 quod
206 569 277 629 erat
299 565 595 630 demonstrandum.

466 723 740 789 Corollarium.

162 847 247 913 Hinc
265 847 475 913 manifestum
489 851 549 932 est,
567 849 665 912 etiam
681 848 862 933 pyramides
878 847 1009 929 similes,
1029 868 1110 930 quae

93 954 276 1039 polygonos
299 955 394 1019 bases
418 954 570 1038 habeant,
593 955 793 1038 triplicatam
813 954 974 1019 rationem
991 953 1110 1017 habere

95 1082 193 1146 quam
213 1061 319 1125 latera
337 1061 632 1143 correspondentia.
668 1081 746 1125 nam
766 1061 793 1124 si
808 1082 862 1125 eas
877 1061 912 1124 in
926 1058 1110 1143 pyramides

93 1166 276 1251 triangulas
299 1167 395 1231 bases
418 1165 575 1230 habentes
600 1166 817 1249 diuiserimus‚
841 1187 878 1229 eo
903 1164 988 1249 quod
1012 1165 1111 1227 etiam

96 1273 217 1338 similia
240 1272 409 1357 polygona
432 1271 560 1336 basium
578 1273 613 1337 in
632 1272 754 1336 similes
773 1271 956 1356 triangulos
975 1291 1109 1334 numero

95 1379 245 1464 aequales
269 1383 302 1442 et
323 1379 403 1443 totis
427 1378 715 1463 correspondentes
739 1378 927 1458 diuiduntur
951 1376 1111 1460 [VLQO]²

95 1489 206 1570 erunt,
233 1488 270 1550 ut
296 1485 331 1548 in
362 1485 466 1549 altera
495 1506 561 1548 una
588 1485 731 1568 pyramis
759 1484 957 1569 triangulam
985 1482 1110 1548 habens

95 1577 205 1657 basim
226 1592 266 1655 ad
289 1612 387 1655 unam
411 1590 610 1674 pyramidem
635 1590 768 1655 alterius
788 1589 986 1672 triangulam
1004 1589 1109 1653 basim

93 1699 286 1780 habentem,
317 1698 364 1760 ita
396 1718 509 1760 omnes
542 1696 729 1780 pyramides
763 1696 897 1760 alterius
929 1694 1109 1779 pyramidis

93 1805 277 1889 triangulas
297 1803 390 1867 bases
409 1802 567 1867 habentes
586 1802 627 1866 ad
647 1824 757 1867 omnes
772 1801 960 1888 pyramides
975 1800 1109 1864 alterius

62 1995 67 2005 1
95 1910 276 1996 pyramidis
295 1909 477 1994 triangulas
496 1909 592 1974 bases
611 1897 769 1973 habentes
789 1907 843 1992 [V‚
858 1909 924 1991 12],
946 1907 978 1971 h.
993 1928 1019 1971 e.
1037 1907 1110 1990 ipsa

93 2017 240 2103 pyramis
259 2016 457 2101 polygonam
475 2016 581 2080 basim
600 2015 723 2080 habens
743 2014 783 2080 ad
802 2013 1006 2098 pyramidem
1019 2012 1110 2096 poly-

84 2144 215 2210 'gonam
243 2122 348 2187 basim
378 2122 561 2187 habentem.
612 2120 755 2206 pyramis
779 2125 888 2185 autem
910 2119 1109 2204 triangulam

93 2230 200 2295 basim
222 2229 346 2294 habens
371 2228 411 2292 ad
430 2229 632 2312 pyramidem
651 2227 851 2312 triangulam
870 2227 975 2290 basim
988 2225 1109 2290 haben-

93 2342 163 2401 tem
194 2335 393 2419 triplicatam
425 2335 584 2399 rationem
614 2335 715 2399 habet
745 2356 841 2417 quam
871 2333 976 2396 latera
1006 2353 1109 2397 corre-

94 2441 287 2526 spondentia
321 2443 425 2525 [prop.
452 2439 556 2523 Vlll].
598 2461 676 2525 ergo
704 2440 803 2505 etiam
827 2461 878 2523 ea,
910 2459 992 2523 quae
1019 2437 1107 2522 poly-

94 2568 217 2632 gonam
235 2547 334 2612 habet
353 2547 458 2611 basim
473 2546 512 2610 ad
528 2568 608 2629 eam,
628 2568 709 2631 quae
725 2545 864 2610 similem
880 2545 986 2609 basim
1000 2543 1110 2629 habet,

93 2654 293 2738 triplicatam
316 2652 415 2718 habet
439 2653 599 2717 rationem
624 2675 722 2737 quam
745 2652 832 2716 latus
857 2651 896 2715 ad
919 2652 1014 2716 latus.

575 2811 632 2876 IX.

164 2936 375 3020 Pyramidum
400 2936 583 3021 aequalium
607 2940 640 3000 et
663 2935 844 3020 triangulas
868 2935 963 2999 bases
986 2932 1107 2996 haben·

94 3043 179 3108 tium
201 3044 297 3109 bases
316 3043 350 3107 in
369 3043 530 3108 contraria
549 3043 675 3108 ratione
695 3045 770 3106 sunt
788 3044 885 3124 atque
905 3038 1107 3121 altitudines3

166 3236 239 3292 VIII.
259 3235 355 3291 coroll.
374 3233 483 3290 Psellus
502 3254 529 3305 p.
549 3239 592 3290 55.

94 3398 234 3467 πυραμίδι
253 3399 275 3467 (ι
293 3411 308 3450 e
328 3397 408 3463 corr.)
427 3396 496 3464 μίαν
514 3396 548 3449 V.
640 3389 704 3448 οἷσιν
724 3391 845 3462 ἔχουσαν
865 3390 925 3445 BV.
1002 3394 1042 3444 14.
1063 3386 1106 3460 ἐν]

94 3464 146 3523 ἐπί
161 3486 187 3536 q.
297 3471 345 3521 16:
358 3465 454 3534 βάσεις
472 3463 639 3536 ἔχουσαι.
748 3470 790 3520 20.
810 3459 884 3535 ἐστί]
904 3480 957 3519 om.
978 3480 1004 3530 q.

94 3545 137 3594 22.
156 3536 319 3608 τριπλάσιον
337 3537 371 3594 V.
444 3542 487 3594 26.
506 3533 592 3605 ὕψεσι
610 3536 693 3604 PVq.
