2468 3952
474 215 657 266 APPENDIX
675 216 710 268 11.
747 200 751 207 '
1033 212 1097 278 387

81 353 181 441 ὅμοια
200 353 256 421 καὶ
275 354 399 441 ὁμοίως
412 361 547 441 κείμενα
562 353 677 440 στερεὰ
692 359 1005 444 παραλληλεπίπεδα
1018 354 1098 424 ἀνοί-
1169 434 1172 438 ⁸

81 469 184 547 λογον
207 452 245 550 6,
268 461 325 528 καὶ
348 451 447 527 αὗται
471 458 643 546 ἀνάλογον
667 465 809 529 ἔσονται.

148 572 298 635 ἔστωσαν
327 566 576 653 ὁσαιδηποτοῦν
604 564 736 634 εὐθεῖαι
763 565 933 652 ἀνάλογον
966 568 987 654 6
1018 576 1099 653 ΑΒ,

81 679 158 758 ΓΔ,
189 681 269 759 ΕΖ,
297 680 381 757 ΗΘ,
414 671 459 752 ὡς
486 670 507 759 6
536 679 602 741 ΑΒ
629 672 714 760 πρὸς
741 679 821 759 ΓΔ,
853 671 959 754 οὕτως
987 670 1007 760 6
1037 682 1100 742 EZ

80 779 164 866 πρὸς
186 786 272 866 ΗΘ,
304 780 358 848 καὶ
386 778 637 867 ἀναγεγράφθω
666 778 725 867 ἀφ’
757 780 897 867 ἑκάστης
925 784 993 849 τῶν
1017 789 1099 868 ΑΒ,

81 892 158 972 ΓΛ,
184 895 260 973 ΕΖ,
283 893 352 954 ΗΘ
376 885 475 973 ὅμοια
498 887 554 953 καὶ
578 883 701 971 ὁμοίως
723 892 859 973 κείμενα
883 885 999 974 στερεὰ
1018 912 1099 975 παρ-

81 996 324 1079 αλληλεπίπεδα
356 991 396 1059 τὰ
427 998 513 1076 ΑΚ,
545 999 620 1077 ΓΛ,
654 999 743 1078 ΕΜ,
775 1001 859 1061 HN.
914 994 1015 1079 λέγω,
1048 992 1100 1061 ὅτι

81 1100 172 1168 ἐστὶν
196 1097 240 1179 ὡς
262 1098 301 1167 τὸ
321 1105 394 1166 ΑΚ
416 1094 553 1226 στερεὸν
576 1096 659 1186 πρὸς
681 1099 719 1165 τὸ
738 1104 798 1167 ΓΛ
823 1100 970 1189 στερεόν,
995 1098 1100 1180 οὕτως

79 1205 118 1273 τὸ
148 1212 226 1273 ΕΜ
253 1203 388 1293 στερεὸν
419 1228 502 1292 προς
533 1203 571 1272 τὸ
601 1210 679 1271 ΗΝ
707 1204 852 1293 στερεόν.
903 1205 1099 1292 πεποιήσθω

80 1311 145 1400 γὰρ
175 1308 219 1391 ὡς
246 1309 267 1397 6
292 1319 356 1379 AB
385 1309 470 1396 πρὸς
497 1309 561 1396 τὴν
583 1317 661 1397 ΓΔ,
690 1311 797 1391 οὕτως
824 1311 847 1398 6
873 1338 908 1379 τε
931 1319 994 1380 ΓΔ
1017 1309 1100 1400 πρὸς

80 1416 142 1504 τὴν
166 1418 271 1493 Ξκαὶ
298 1415 319 1504 6
343 1416 477 1505 Ξπρὸς
503 1416 566 1503 τὴν
591 1424 628 1485 0.
674 1414 719 1497 ως
747 1416 811 1507 ἄρα
834 1415 856 1506 6
879 1420 993 1506 πρώτη
1017 1419 1100 1507 πρὸς

80 1523 142 1610 την
169 1523 344 1611 τετάρτην,
371 1524 542 1592 τουτέστιν
569 1522 590 1610 6
619 1531 684 1590 AB
712 1522 796 1611 πρὸς
824 1522 886 1609 τὴν
917 1531 959 1610 0,
994 1524 1100 1603 οὕτως

80 1629 118 1697 τὸ
139 1627 204 1698 ἀπὸ
218 1633 277 1717 της
290 1628 433 1717 πρώτης,
457 1629 605 1697 τουτέστι
628 1629 665 1697 τὸ
685 1636 766 1714 ΑΚ,
790 1628 873 1714 πρὸς
895 1628 933 1696 τὸ
958 1626 1023 1697 ἀπὸ
1042 1635 1100 1716 τῆς

82 1737 253 1822 δευτέρας,
271 1735 420 1803 τουτέστι
438 1733 476 1803 τὸ
495 1742 568 1803 ΓΛ·
592 1733 637 1816 ὡς
656 1735 694 1803 δὲ
711 1732 732 1821 6
753 1743 816 1802 ΕΖ
834 1735 918 1823 πρὸς
935 1735 997 1822 την
1015 1743 1099 1822 ΗΘ,

82 1840 188 1922 οὕτως
214 1842 236 1927 6
264 1867 298 1908 τε
315 1846 390 1908 ἨΘ
417 1840 500 1927 πρὸς
526 1839 589 1926 τὴν
617 1849 656 1908 Π
679 1841 735 1908 καὶ
762 1838 783 1927 6
808 1848 845 1908 Π
869 1839 952 1928 πρὸς
979 1841 1042 1927 τὴν
1066 1850 1098 1910 Ρ.

82 1954 172 2016 ἔστιν
195 1946 261 2034 ἄρα
285 1945 330 2027 ὡς
352 1945 373 2033 6
398 1954 460 2014 EZ
483 1947 566 2034 πρὸς
588 1945 650 2033 τὴν
673 1954 709 2033 Ρ,
734 1945 840 2027 οὕτως
862 1946 900 2015 τὸ
921 1955 996 2015 ΕΜ
1017 1947 1100 2035 πρὸς

81 2053 142 2140 τὴν
161 2060 245 2122 ΗΝ.
277 2053 332 2122 καὶ
357 2057 429 2122 ἐπεί
445 2056 536 2121 ἐστιν
560 2054 605 2133 ὡς
627 2052 648 2140 6
673 2061 733 2122 AB
756 2053 841 2142 πρὸς
862 2053 925 2140 τὴν
944 2059 1020 2140 ΓΔ,
1045 2053 1099 2122 οὕ-

81 2188 145 2241 τως
172 2158 193 2247 ἡ
217 2168 280 2227 ΕΖ
308 2159 390 2248 πρὸς
413 2159 474 2246 τὴν
497 2168 580 2245 ΗΘ,
612 2158 686 2227 ἀλλ’
717 2159 762 2240 ὡς
789 2160 850 2246 μὲν
878 2157 899 2247 6
924 2169 989 2229 AB
1017 2159 1100 2248 πρὸς
1210 2201 1214 2211 ·

81 2266 143 2354 τὴν
166 2272 243 2353 ΓΛ,
272 2265 379 2346 οὕτως
406 2265 427 2353 6
454 2292 489 2334 τε
513 2272 575 2333 ΓΔ
597 2265 680 2351 πρὸς
706 2265 769 2352 τὴν
792 2270 822 2343 Ξ
842 2266 898 2334 καὶ
921 2264 942 2353 6
966 2270 996 2343 Ξ
1016 2266 1100 2354 πρὸς

81 2372 143 2462 τὴν
168 2380 211 2457 0,
240 2371 285 2454 ὡς
307 2374 345 2442 δὲ
368 2371 389 2460 6
413 2380 476 2440 EZ
499 2372 583 2460 πρὸς
605 2370 667 2458 τὴν
689 2379 773 2457 ΗΘ,
802 2370 907 2453 οὕτως
930 2371 951 2459 6
974 2399 1009 2440 τε
1032 2378 1100 2440 ΗΘ

81 2480 165 2565 πρὸς
187 2479 248 2567 τὴν
267 2488 306 2547 Π
320 2480 375 2546 καὶ
399 2478 420 2565 6
440 2487 478 2545 Π
497 2478 580 2567 πρὸς
602 2477 664 2564 τὴν
688 2487 724 2564 Ρ,
749 2477 794 2547 δι’
821 2489 898 2548 ἴσου
921 2478 987 2565 ἄρα
1009 2480 1099 2547 ἐστὶν

82 2583 126 2666 ὡς
150 2584 170 2672 6
190 2594 255 2653 AB
275 2583 358 2676 πρὸς
376 2584 437 2672 τὴν
458 2593 501 2671 0,
526 2581 632 2665 οὕτως
651 2581 672 2671 6
692 2592 755 2652 ΕΖ
773 2585 858 2674 πρὸς
875 2584 939 2672 τὴν
963 2593 992 2654 Ρ.
1023 2581 1096 2652 ἀλλ’

83 2690 127 2775 ὡς
159 2692 220 2778 μὲν
252 2689 273 2779 6
303 2700 367 2760 ΑΒ
395 2690 478 2779 πρὸς
505 2690 567 2777 την
598 2698 638 2776 0,
672 2688 777 2771 οὕτως
804 2689 841 2759 τὸ
865 2696 937 2757 ΑΚ
963 2688 1100 2779 στερεὸν

82 2797 165 2886 πρὸς
188 2798 225 2866 τὸ
245 2805 305 2866 ΓΛ
329 2798 477 2885 στερεόν,
501 2797 545 2878 ὡς
569 2798 606 2866 δὲ
628 2796 650 2884 6
670 2805 732 2865 ΕΖ
750 2796 834 2885 πρὸς
852 2796 914 2882 τὴν
934 2804 970 2882 Ρ,
994 2793 1100 2876 οὕτως

82 2904 118 2973 τὸ
149 2914 232 2973 ΕΜ
261 2905 397 2992 στερεὸν
430 2904 513 3036 πρὸς
539 2904 577 2973 τὸ
604 2911 680 2971 ΗΝ
704 2905 848 2992 στερεόν.
895 2901 939 2982 ὡς
967 2900 1033 2990 ἄρα
1062 2902 1099 2971 τὸ

83 3019 154 3080 ΑΚ
176 3010 326 3141 στερεὸν
335 3011 419 3100 πρὸς
441 3011 478 3079 τὸ
498 3018 563 3079 ΓΛ
583 3010 730 3098 στερεόν,
754 3008 860 3089 οὕτως
878 3007 916 3078 τὸ
937 3016 1017 3077 ΕΜ
1030 3029 1100 3077 στε·

84 3118 164 3204 ρεὸν
186 3119 271 3205 πρὸς
293 3116 331 3185 τὸ
355 3124 434 3184 ΗΝ
453 3115 599 3204 στερεόν
696 3138 705 3164 f

151 3231 233 3293 έστω
262 3222 304 3309 δὴ
335 3223 436 3291 πάλιν
465 3219 511 3302 ὡς
537 3220 575 3290 τὸ
607 3229 677 3290 ΑΚ
706 3224 842 3309 στερεὸν
869 3219 952 3308 πρὸς
978 3219 1015 3288 τὸ
1040 3227 1100 3288 ΓΛ

84 3331 236 3459 στερεόν,
256 3328 363 3409 οὕτως
386 3328 423 3398 τὸ
443 3335 522 3396 ΕΜ
542 3327 678 3416 στερεὸν
696 3327 780 3417 πρὸς
803 3327 840 3397 τό
861 3334 940 3395 ΗΝ
954 3327 1100 3416 στερεόν.

84 3435 229 3523 λέγω,
217 3436 268 3505 ότι
297 3433 437 3503 ἐστὶν
415 3463 460 3515 ως
487 3433 507 3521 6
536 3442 601 3502 ΑΒ
627 3433 711 3522 πρὸς
737 3434 800 3521 τὴν
827 3441 905 3520 ΓΛ,
941 3435 1047 3514 οὕτως
1079 3432 1099 3520 6

84 3551 146 3610 ΕΖ
174 3543 258 3630 πρὸς
285 3540 347 3628 τὴν
370 3549 447 3610 ΗΘ.
497 3540 691 3629 πεποιήσθω
722 3539 787 3628 γὰρ
816 3538 861 3621 ὥς
883 3539 904 3627 6
928 3549 994 3609 ΑΒ
1017 3538 1100 3629 πρὸς

883 3645 940 3702 25*
