2468 3952
521 193 704 247 APPENDIX
721 193 744 247 Ι.

417 482 473 547 Ad
496 482 583 546 libr.
607 479 654 544 XI
677 500 781 564 prop.
805 477 858 543 23.

191 605 288 675 Ἀλλὰ
323 604 364 691 δὴ
394 609 477 672 ἔστω
505 600 542 671 τὸ
576 602 717 688 κέντρον
743 596 962 668 τοῦπύιιλου
992 598 1050 665 ἐπὶ
1077 601 1145 684 μιᾶς

126 724 194 783 τῶν
218 715 373 801 πλευρῶν
396 714 457 778 τοῦ
480 707 648 797 τριγώνου
670 710 728 793 τῆς
747 711 840 789 ΜΝ,
864 704 921 771 καὶ
941 708 1031 772 ἔστω
1051 702 1088 772 τὸ
1106 704 1143 786 Ξ,

127 826 183 889 καὶ
207 819 391 905 ἐπεζεύχθω
415 813 436 903 ἡ
460 818 533 893 ΞΛ.
578 815 663 901 λέγω
686 811 799 898 πάλιν,
828 809 879 880 ὅτι
907 816 1037 898 μείζων
1063 809 1144 878 ἔστὶν

128 927 149 1015 ἡ
169 934 235 994 ΑΒ
257 930 315 1012 τῆς
338 927 409 1001 ΛΞ.
460 927 492 990 εἰ
512 921 576 1009 γὰρ
600 920 661 1008 μή,
684 919 757 1006 ἤτοι
781 926 836 1004 ἴση
860 918 953 985 ἔστὶν
976 914 1000 1004 ἡ
1022 924 1090 985 ΑΒ
1110 920 1143 1004 τῇ

40 1012 48 1027 ο
94 1029 237 1119 σΛΞῆ
262 1030 416 1100 ἐλάττων.
453 1034 536 1097 ἔστω
560 1027 724 1115 πρότερον
747 1035 813 1113 ἴση.
853 1024 917 1094 δύο
944 1024 986 1114 δὴ
1015 1027 1057 1093 οιί
1077 1030 1144 1109 ΑΒ,

130 1145 206 1223 ΒΓ,
225 1138 395 1227 τουτέστιν
415 1139 452 1202 αἱ
469 1143 552 1220 ΛΕ,
576 1140 657 1219 ΕΖ,
682 1133 745 1201 δύο
763 1146 836 1213 ταῖς
853 1134 942 1218 ΜΞ,
961 1134 1042 1220 ΞΛ,
1061 1157 1144 1200 τουτ-

131 1247 199 1313 έστι
226 1255 266 1333 τῇ
289 1250 384 1327 ΜΝ,
407 1251 477 1309 ἶσαι
500 1245 595 1309 εἰσίν.
636 1237 722 1308 ἀλλὰ
745 1237 766 1326 ἡ
786 1246 870 1307 ΜΝ
887 1242 927 1327 τῇ
954 1246 1025 1306 ΔΖ
1049 1252 1146 1308 κεῖται

131 1359 195 1437 ἴση.
245 1350 301 1417 καὶ
329 1352 366 1415 αἱ
393 1354 474 1432 ΔΕ,
503 1354 565 1415 ΕΖ
593 1345 659 1435 ἄρα
686 1350 725 1434 τῇ
750 1352 816 1413 ΔΖ
843 1354 914 1413 ἴσαι
937 1349 1043 1414 εἰσίν·
1072 1346 1146 1433 ὅπερ

131 1458 222 1524 ἐστὶν
250 1453 431 1523 ἀδύνατον.
487 1455 548 1522 οὐκ
579 1454 646 1541 ἄρα
677 1450 698 1540 ἡ
728 1460 793 1521 ΑΒ
825 1453 981 1539 ἔσηιέστὶ
1008 1459 1053 1543 τῇ
1083 1455 1145 1531 ΛΞ.

80 1581 113 1631 10
133 1559 256 1649 ὁμοίως
288 1558 330 1646 δὴ
363 1557 445 1628 οὐδὲ
475 1559 634 1628 ἐλάττων·
666 1563 778 1650 πολλῷ
810 1557 875 1648 γὰρ
906 1557 945 1628 τὸ
977 1558 1147 1629 ἀδύνατον

133 1674 252 1756 μεῖζον.
298 1666 318 1754 ἡ
351 1665 418 1750 ἔρα
445 1673 511 1735 ΑΒ
544 1670 663 1752 μείζων
696 1666 765 1734 ἐστὶ
797 1668 856 1752 τῆς
881 1667 956 1742 ΛΞ.
1006 1667 1069 1733 καὶ
1095 1665 1146 1735 ἔὰν

133 1775 271 1863 ὁμοίως,
299 1765 327 1866 ᾦ
355 1772 467 1860 μεῖζόν
495 1774 563 1840 ἔστι
590 1770 628 1840 τὸ
657 1770 723 1840 ἀπὸ
746 1775 805 1858 τῆς
827 1778 893 1840 ΑΒ
915 1776 980 1840 τοῦ
1003 1769 1075 1842 ἀπὸ
1098 1783 1149 1860 τῆς
1182 1825 1186 1834 .

134 1885 212 1967 ΛΞ,
236 1883 350 1971 ἐκείνω
375 1888 452 1946 ἴσον
474 1879 559 1967 πρὸς
581 1877 690 1967 ὀρθὰς
712 1882 757 1972 τῷ
781 1888 842 1947 τοῦ
860 1877 989 1946 κύκλου
1008 1880 1149 1971 ἐπιπέδῳ

135 1987 375 2075 ἀναστήσωμεν
408 1984 452 2066 ὡς
483 1986 520 2054 τὸ
554 1985 618 2054 ἀπὸ
645 1991 705 2073 τῆς
731 1989 804 2071 ΞΡ,
837 1981 1092 2073 συσταθήσεται
1117 1985 1149 2055 τὸ

85 2113 117 2163 15
131 2095 317 2183 πρόβλημα.

202 2200 287 2270 ἀλλὰ
315 2201 358 2288 δὴ
386 2207 469 2269 ἔστω
497 2199 535 2269 τὸ
563 2202 704 2289 κέντρον
732 2203 792 2268 τοῦ
818 2198 946 2267 κύκλον
974 2199 1074 2280 ἐκτὸς
1096 2203 1151 2269 τοῦ

136 2313 256 2374 ΛΜΝ
273 2306 441 2394 τριγώνου
463 2309 519 2376 καὶ
542 2312 625 2375 ἔστω
649 2305 687 2375 τὸ
704 2309 748 2391 Ξ,
770 2305 825 2372 καὶ
844 2303 1105 2392 ἐπεζεύχθωσαν
1121 2308 1154 2373 αἱ

137 2413 218 2495 ΛΞ,
246 2415 324 2486 ΜΞ.
373 2413 458 2498 λέγω
487 2411 529 2500 δὴ
558 2414 615 2481 καὶ
639 2414 759 2497 οὕτως,
787 2413 839 2480 ὅτι
867 2416 989 2498 μείζων
1019 2409 1152 2499 ἐστινὴ

138 2523 203 2585 ΑΒ
226 2520 284 2601 τῆς
307 2518 379 2592 ΛΞ.
425 2522 456 2584 εἰ
477 2516 541 2606 γὰρ
565 2517 626 2605 μή,
653 2512 728 2605 ἤτοι
755 2525 810 2605 ἴση
836 2517 927 2603 ἐστὶν
950 2511 972 2602 ἢ
998 2517 1153 2587 ἐλάττων.

85 2643 119 2694 20
138 2629 221 2690 ἔστω
249 2612 413 2711 πρότερον
441 2632 505 2710 ἴση.
552 2624 615 2693 δύο
645 2617 707 2692 οὖν
735 2627 773 2691 αἱ
792 2631 876 2710 ΑΒ,
905 2629 971 2690 ΒΓ
997 2623 1064 2694 δύο
1088 2637 1154 2703 τοῖς

210 2819 257 2889 ΧΙ,
277 2825 311 2873 23
329 2818 360 2872 in
377 2820 457 2874 textu
475 2820 540 2889 post
557 2821 675 2889 ποιησαι
693 2838 721 2889 ρ.
740 2823 782 2888 68,
804 2824 835 2875 17
855 2819 918 2874 add.
941 2818 1088 2875 PBFVb.

213 3001 236 3050 1.
256 2993 302 3068 τό]
323 3013 377 3053 om.
396 2996 426 3051 P.
535 3003 558 3052 2.
579 2997 627 3066 τῆς
645 2997 724 3067 ΜΝ]
747 3013 800 3052 τοι.
820 3002 836 3050 3
854 2995 910 3050 litt.
928 2996 963 3063 V,
982 2998 1091 3082 γωνίας
1109 2996 1155 3064 τῆς

140 3071 211 3122 ΜΝ
227 3087 258 3135 φ.
332 3064 401 3121 ἔστω
420 3063 452 3122 τὸ
473 3068 511 3139 Ξ]
532 3069 561 3123 in
579 3084 633 3122 rae.
652 3086 689 3122 m.
710 3073 724 3122 1
745 3068 770 3121 b.
844 3072 869 3120 3.
888 3061 933 3122 ὅτι
950 3070 1040 3122 πολιν
1058 3067 1086 3122 b.

140 3141 235 3209 μεῖζον
255 3158 297 3206 φ.,
372 3143 397 3193 4,
417 3133 448 3208 ἡ]
470 3155 538 3194 corr.
558 3158 593 3195 ex
611 3137 644 3193 αἱ
659 3139 693 3195 V.
786 3136 813 3192 εἰ
828 3135 883 3208 γάρ
903 3169 936 3178 -
958 3143 1000 3191 11.
1018 3138 1070 3207 τῆς
1089 3137 1154 3206 ΛΞ]

140 3228 195 3280 mg.
215 3226 251 3263 m.
272 3213 296 3276 1,
316 3209 380 3264 add.
400 3229 441 3279 ηρ.
457 3208 484 3277 b,
503 3210 532 3264 in
550 3213 642 3283 texssue
663 3206 726 3265 ἐπεὶ
741 3207 798 3298 γὰρ
818 3206 851 3262 af
863 3212 933 3275 ΔΕ,
953 3210 1007 3261 ΕΖ
1026 3209 1077 3276 τῆς
1093 3213 1154 3276 ΔΖ,

140 3277 267 3335 τουτέστι
284 3280 334 3346 τῆς
352 3284 432 3348 ΜΝ,
472 3283 563 3347 estuve
582 3279 649 3352 εἰσί,
667 3282 716 3337 καὶ
734 3282 872 3350 ημίοειοιι·
892 3275 982 3346 ὴΕΔ
1001 3274 1061 3348 ἄρα
1079 3299 1155 3334 τουτ-

142 3347 380 3456 ἔοτινΓτῆςΑΜΙΝ
400 3383 417 3456 ἡ
437 3392 487 3443 ΑΒ
505 3388 555 3457 τῆς
574 3388 630 3447 ΔΞ
647 3389 749 3458 μείζων
769 3385 853 3442 ἔοτίν.
943 3391 968 3441 6.
988 3381 1034 3457 αἱ]
1053 3386 1084 3440 in
1103 3403 1155 3441 raa

141 3474 178 3510 m.
197 3460 258 3513 21³.
332 3463 400 3525 ΔΕ,
420 3464 472 3515 ΕΖ
492 3461 558 3513 δυσί
575 3458 605 3513 in
623 3459 714 3528 spatio
732 3475 822 3513 uacuo
842 3457 943 3512 tertiae
954 3457 1052 3546 ‚1³³2th
1066 3457 1157 3513 lineae

87 3535 214 3696 *2
234 3531 264 3585 P.
373 3531 440 3585 δυσί
454 3531 481 3584 b.
600 3529 742 3585 τουτέστιν
759 3529 791 3584 Β,
901 3532 926 3582 ⁷.
945 3531 1015 3583 αλια
1035 3549 1054 3598 η
1073 3528 1157 3600 ΜΝ]
