<?xml version="1.0" encoding="UTF-8"?>
<!DOCTYPE html PUBLIC "-//W3C//DTD XHTML 1.0 Transitional//EN"
    "http://www.w3.org/TR/xhtml1/DTD/xhtml1-transitional.dtd">
<html xmlns="http://www.w3.org/1999/xhtml" xml:lang="en" lang="en">
 <head>
  <title>
</title>
<meta http-equiv="Content-Type" content="text/html;charset=utf-8" />
  <meta name='ocr-system' content='tesseract 3.04.00' />
  <meta name='ocr-capabilities' content='ocr_page ocr_carea ocr_par ocr_line ocrx_word'/>
</head>
<body>
  <div class='ocr_page' id='page_1' title='image "./euclidisoperaom00unkngoog_0157.png"; bbox 0 0 2468 3952; ppageno 0'>
   <div class='ocr_carea' id='block_1_1' title="bbox 141 210 781 286">
    <p class='ocr_par' dir='ltr' id='par_1_1' title="bbox 141 210 781 286">
     <span class='ocr_line' id='line_1_1' title="bbox 141 210 781 286; baseline 0.003 -21"><span class='ocrx_word' id='word_1_1' title='bbox 141 213 205 278; x_wconf 82' lang='lat'><strong><em>142</em></strong></span> <span class='ocrx_word' id='word_1_2' title='bbox 512 213 712 267; x_wconf 75' lang='grc' dir='ltr'><strong><em>Σιοοιωιιιυ</em></strong></span> <span class='ocrx_word' id='word_1_3' title='bbox 731 210 781 286; x_wconf 79' lang='grc' dir='ltr'><strong><em>ιμ’.</em></strong></span> 
     </span>
    </p>
   </div>
   <div class='ocr_carea' id='block_1_2' title="bbox 75 352 1162 2998">
    <p class='ocr_par' dir='ltr' id='par_1_2' title="bbox 75 352 1162 2998">
     <span class='ocr_line' id='line_1_2' title="bbox 140 352 1161 444; baseline 0 -22"><span class='ocrx_word' id='word_1_4' title='bbox 140 353 205 424; x_wconf 88' lang='grc' dir='ltr'><strong><em>άπὸ</em></strong></span> <span class='ocrx_word' id='word_1_5' title='bbox 229 360 288 442; x_wconf 83' lang='grc' dir='ltr'><strong><em>τῆς</em></strong></span> <span class='ocrx_word' id='word_1_6' title='bbox 307 363 375 423; x_wconf 98' lang='lat' dir='ltr'><strong><em>BA</em></strong></span> <span class='ocrx_word' id='word_1_7' title='bbox 397 355 610 444; x_wconf 89' lang='grc' dir='ltr'><strong><em>τετράγωνον</em></strong></span> <span class='ocrx_word' id='word_1_8' title='bbox 632 352 716 444; x_wconf 89' lang='grc' dir='ltr'><strong><em>πρὸς</em></strong></span> <span class='ocrx_word' id='word_1_9' title='bbox 737 353 776 422; x_wconf 87' lang='grc' dir='ltr'><strong><em>τὸ</em></strong></span> <span class='ocrx_word' id='word_1_10' title='bbox 799 352 865 422; x_wconf 87' lang='grc' dir='ltr'><strong><em>άπὸ</em></strong></span> <span class='ocrx_word' id='word_1_11' title='bbox 887 365 947 440; x_wconf 80' lang='grc' dir='ltr'><strong><em>τῆς</em></strong></span> <span class='ocrx_word' id='word_1_12' title='bbox 967 360 1029 422; x_wconf 99' lang='grc' dir='ltr'>ΖΘ</span> <span class='ocrx_word' id='word_1_13' title='bbox 1047 354 1161 443; x_wconf 43' lang='grc' dir='ltr'><strong><em>τετράη</em></strong></span> 
     </span>
     <span class='ocr_line' id='line_1_3' title="bbox 139 489 260 549; baseline -0.008 -18"><span class='ocrx_word' id='word_1_14' title='bbox 139 489 260 549; x_wconf 91' lang='grc' dir='ltr'><strong><em>γωνον.</em></strong></span> 
     </span>
     <span class='ocr_line' id='line_1_4' title="bbox 206 565 1160 657; baseline 0 -20"><span class='ocrx_word' id='word_1_15' title='bbox 206 574 250 637; x_wconf 84' lang='grc' dir='ltr'><strong><em>Εἰ</em></strong></span> <span class='ocrx_word' id='word_1_16' title='bbox 276 568 339 655; x_wconf 84' lang='grc' dir='ltr'><strong><em>γὰρ</em></strong></span> <span class='ocrx_word' id='word_1_17' title='bbox 367 569 412 655; x_wconf 92' lang='grc' dir='ltr'><strong><em>μή</em></strong></span> <span class='ocrx_word' id='word_1_18' title='bbox 441 569 531 636; x_wconf 81' lang='grc' dir='ltr'><strong><em>ἐστιν</em></strong></span> <span class='ocrx_word' id='word_1_19' title='bbox 560 565 605 646; x_wconf 81' lang='grc' dir='ltr'><strong><em>ὡς</em></strong></span> <span class='ocrx_word' id='word_1_20' title='bbox 632 565 649 636; x_wconf 88' lang='grc' dir='ltr'>ὁ</span> <span class='ocrx_word' id='word_1_21' title='bbox 673 573 810 635; x_wconf 85' lang='grc' dir='ltr'><em>ΑΒΓΔ</em></span> <span class='ocrx_word' id='word_1_22' title='bbox 837 566 959 647; x_wconf 78' lang='grc' dir='ltr'><strong><em>κύκλος</em></strong></span> <span class='ocrx_word' id='word_1_23' title='bbox 985 565 1071 657; x_wconf 83' lang='grc' dir='ltr'><strong><em>πρὸς</em></strong></span> <span class='ocrx_word' id='word_1_24' title='bbox 1097 567 1160 637; x_wconf 73' lang='grc' dir='ltr'><strong><em>τᾶν</em></strong></span> 
     </span>
     <span class='ocr_line' id='line_1_5' title="bbox 140 672 1158 763; baseline -0.002 -18"><span class='ocrx_word' id='word_1_25' title='bbox 140 682 290 759; x_wconf 89' lang='grc' dir='ltr'>ΕΖΗΘ,</span> <span class='ocrx_word' id='word_1_26' title='bbox 321 672 427 754; x_wconf 75' lang='grc' dir='ltr'><strong><em>οὕτως</em></strong></span> <span class='ocrx_word' id='word_1_27' title='bbox 453 672 491 743; x_wconf 84' lang='grc' dir='ltr'><strong><em>τὸ</em></strong></span> <span class='ocrx_word' id='word_1_28' title='bbox 516 672 581 742; x_wconf 85' lang='grc' dir='ltr'><strong><em>άπὸ</em></strong></span> <span class='ocrx_word' id='word_1_29' title='bbox 605 678 664 760; x_wconf 88' lang='grc' dir='ltr'><strong><em>τής</em></strong></span> <span class='ocrx_word' id='word_1_30' title='bbox 686 682 755 741; x_wconf 90' lang='lat' dir='ltr'><strong><em>BA</em></strong></span> <span class='ocrx_word' id='word_1_31' title='bbox 777 673 989 760; x_wconf 89' lang='grc' dir='ltr'><strong><em>τετράγωνον</em></strong></span> <span class='ocrx_word' id='word_1_32' title='bbox 1010 673 1097 763; x_wconf 85' lang='grc' dir='ltr'><strong><em>πρὸς</em></strong></span> <span class='ocrx_word' id='word_1_33' title='bbox 1119 674 1158 744; x_wconf 84' lang='grc' dir='ltr'><strong><em>τὸ</em></strong></span> 
     </span>
     <span class='ocr_line' id='line_1_6' title="bbox 104 777 1158 869; baseline 0.003 -21"><span class='ocrx_word' id='word_1_34' title='bbox 104 781 204 852; x_wconf 81' lang='grc' dir='ltr'><strong><em>οᾶπδ</em></strong></span> <span class='ocrx_word' id='word_1_35' title='bbox 228 793 285 869; x_wconf 82' lang='grc' dir='ltr'><strong><em>τῆς</em></strong></span> <span class='ocrx_word' id='word_1_36' title='bbox 309 789 383 868; x_wconf 92' lang='grc' dir='ltr'><strong><em>ΖΘ,</em></strong></span> <span class='ocrx_word' id='word_1_37' title='bbox 412 786 503 848; x_wconf 85' lang='grc' dir='ltr'><strong><em>ἔσται</em></strong></span> <span class='ocrx_word' id='word_1_38' title='bbox 531 778 576 860; x_wconf 84' lang='grc' dir='ltr'><strong><em>ώς</em></strong></span> <span class='ocrx_word' id='word_1_39' title='bbox 597 778 635 848; x_wconf 87' lang='grc' dir='ltr'><strong><em>τὸ</em></strong></span> <span class='ocrx_word' id='word_1_40' title='bbox 660 777 726 848; x_wconf 90' lang='grc' dir='ltr'><strong><em>άπὸ</em></strong></span> <span class='ocrx_word' id='word_1_41' title='bbox 749 785 808 868; x_wconf 88' lang='grc' dir='ltr'><strong><em>τής</em></strong></span> <span class='ocrx_word' id='word_1_42' title='bbox 831 789 899 849; x_wconf 98' lang='lat' dir='ltr'><strong><em>BA</em></strong></span> <span class='ocrx_word' id='word_1_43' title='bbox 921 781 1006 869; x_wconf 86' lang='grc' dir='ltr'><strong><em>πρὸς</em></strong></span> <span class='ocrx_word' id='word_1_44' title='bbox 1028 780 1069 850; x_wconf 86' lang='grc' dir='ltr'><strong><em>τὸ</em></strong></span> <span class='ocrx_word' id='word_1_45' title='bbox 1091 779 1158 852; x_wconf 82' lang='grc' dir='ltr'><strong><em>άπὸ</em></strong></span> 
     </span>
     <span class='ocr_line' id='line_1_7' title="bbox 138 885 1160 977; baseline 0.002 -20"><span class='ocrx_word' id='word_1_46' title='bbox 138 895 197 977; x_wconf 80' lang='grc' dir='ltr'><strong><em>τῆς</em></strong></span> <span class='ocrx_word' id='word_1_47' title='bbox 221 896 297 974; x_wconf 93' lang='grc' dir='ltr'><strong><em>ΖΘ,</em></strong></span> <span class='ocrx_word' id='word_1_48' title='bbox 327 885 434 967; x_wconf 80' lang='grc' dir='ltr'><strong><em>οὕτως</em></strong></span> <span class='ocrx_word' id='word_1_49' title='bbox 461 885 479 955; x_wconf 86' lang='grc' dir='ltr'>ὃ</span> <span class='ocrx_word' id='word_1_50' title='bbox 503 892 636 955; x_wconf 88' lang='grc' dir='ltr'><em>ΑΒΓΔ</em></span> <span class='ocrx_word' id='word_1_51' title='bbox 662 886 784 967; x_wconf 87' lang='grc' dir='ltr'><strong><em>κύκλος</em></strong></span> <span class='ocrx_word' id='word_1_52' title='bbox 807 887 882 973; x_wconf 89' lang='grc' dir='ltr'><strong><em>ήτοι</em></strong></span> <span class='ocrx_word' id='word_1_53' title='bbox 905 885 989 976; x_wconf 88' lang='grc' dir='ltr'><strong><em>πρὸς</em></strong></span> <span class='ocrx_word' id='word_1_54' title='bbox 1012 890 1160 959; x_wconf 82' lang='grc' dir='ltr'><strong><em>ἔλασσόν</em></strong></span> 
     </span>
     <span class='ocr_line' id='line_1_8' title="bbox 138 989 1157 1082; baseline 0.002 -20"><span class='ocrx_word' id='word_1_55' title='bbox 138 1021 170 1064; x_wconf 93' lang='grc' dir='ltr'><strong><em>τι</em></strong></span> <span class='ocrx_word' id='word_1_56' title='bbox 197 1000 258 1063; x_wconf 81' lang='grc' dir='ltr'><strong><em>τοῦ</em></strong></span> <span class='ocrx_word' id='word_1_57' title='bbox 281 1001 417 1062; x_wconf 95' lang='grc' dir='ltr'>ΕΖΗΘ</span> <span class='ocrx_word' id='word_1_58' title='bbox 444 992 571 1062; x_wconf 90' lang='grc' dir='ltr'><strong><em>κύκλου</em></strong></span> <span class='ocrx_word' id='word_1_59' title='bbox 597 999 722 1081; x_wconf 83' lang='grc' dir='ltr'><strong><em>χωρίον</em></strong></span> <span class='ocrx_word' id='word_1_60' title='bbox 750 989 771 1080; x_wconf 89' lang='grc' dir='ltr'><strong><em>ή</em></strong></span> <span class='ocrx_word' id='word_1_61' title='bbox 799 993 883 1082; x_wconf 86' lang='grc' dir='ltr'><strong><em>πρὸς</em></strong></span> <span class='ocrx_word' id='word_1_62' title='bbox 905 1000 1027 1081; x_wconf 79' lang='grc' dir='ltr'><strong><em>μεῖζον.</em></strong></span> <span class='ocrx_word' id='word_1_63' title='bbox 1074 1001 1157 1065; x_wconf 81' lang='grc' dir='ltr'><strong><em>ἔστω</em></strong></span> 
     </span>
     <span class='ocr_line' id='line_1_9' title="bbox 138 1099 1158 1191; baseline 0 -20"><span class='ocrx_word' id='word_1_64' title='bbox 138 1101 302 1189; x_wconf 89' lang='grc' dir='ltr'><strong><em>πρότερον</em></strong></span> <span class='ocrx_word' id='word_1_65' title='bbox 332 1100 416 1191; x_wconf 91' lang='grc' dir='ltr'><strong><em>πρὸς</em></strong></span> <span class='ocrx_word' id='word_1_66' title='bbox 444 1106 587 1168; x_wconf 80' lang='grc' dir='ltr'><strong><em>ἔλασσον</em></strong></span> <span class='ocrx_word' id='word_1_67' title='bbox 614 1100 651 1168; x_wconf 87' lang='grc' dir='ltr'>τό</span> <span class='ocrx_word' id='word_1_68' title='bbox 682 1109 722 1169; x_wconf 87' lang='grc' dir='ltr'><strong><em>Σ.</em></strong></span> <span class='ocrx_word' id='word_1_69' title='bbox 772 1101 828 1167; x_wconf 86' lang='grc' dir='ltr'><strong><em>καὶ</em></strong></span> <span class='ocrx_word' id='word_1_70' title='bbox 856 1099 1080 1188; x_wconf 76' lang='grc' dir='ltr'><em>ἐγγεγράφθω</em></span> <span class='ocrx_word' id='word_1_71' title='bbox 1109 1107 1158 1185; x_wconf 79' lang='grc' dir='ltr'><strong><em>εἰς</em></strong></span> 
     </span>
     <span class='ocr_line' id='line_1_10' title="bbox 75 1205 1158 1297; baseline 0.002 -21"><span class='ocrx_word' id='word_1_72' title='bbox 75 1218 77 1223; x_wconf 81' lang='grc'>’</span> <span class='ocrx_word' id='word_1_73' title='bbox 137 1209 198 1277; x_wconf 89' lang='grc' dir='ltr'><strong><em>τὸν</em></strong></span> <span class='ocrx_word' id='word_1_74' title='bbox 228 1215 364 1276; x_wconf 90' lang='grc' dir='ltr'>ΕΖΗΘ</span> <span class='ocrx_word' id='word_1_75' title='bbox 395 1205 519 1275; x_wconf 90' lang='grc' dir='ltr'><strong><em>κύκλον</em></strong></span> <span class='ocrx_word' id='word_1_76' title='bbox 551 1206 762 1295; x_wconf 89' lang='grc' dir='ltr'><strong><em>τετράγωνον</em></strong></span> <span class='ocrx_word' id='word_1_77' title='bbox 789 1205 827 1275; x_wconf 86' lang='grc' dir='ltr'><strong><em>τὸ</em></strong></span> <span class='ocrx_word' id='word_1_78' title='bbox 858 1214 1011 1275; x_wconf 88' lang='grc' dir='ltr'>ΕΖΗΘ·</span> <span class='ocrx_word' id='word_1_79' title='bbox 1044 1209 1083 1277; x_wconf 92' lang='grc' dir='ltr'><strong><em>τὸ</em></strong></span> <span class='ocrx_word' id='word_1_80' title='bbox 1114 1207 1158 1297; x_wconf 80' lang='grc' dir='ltr'><strong><em>δή</em></strong></span> 
     </span>
     <span class='ocr_line' id='line_1_11' title="bbox 87 1309 1159 1404; baseline 0.005 -25"><span class='ocrx_word' id='word_1_81' title='bbox 87 1331 120 1381; x_wconf 86' lang='lat'><strong><em>10</em></strong></span> <span class='ocrx_word' id='word_1_82' title='bbox 139 1314 409 1401; x_wconf 80' lang='grc' dir='ltr'><em>ἐγγεγραμμένον</em></span> <span class='ocrx_word' id='word_1_83' title='bbox 438 1312 650 1399; x_wconf 89' lang='grc' dir='ltr'><strong><em>τετράγωνον</em></strong></span> <span class='ocrx_word' id='word_1_84' title='bbox 676 1312 789 1400; x_wconf 76' lang='grc' dir='ltr'><strong><em>μεῖζόν</em></strong></span> <span class='ocrx_word' id='word_1_85' title='bbox 817 1314 908 1381; x_wconf 83' lang='grc' dir='ltr'><strong><em>ἐστιν</em></strong></span> <span class='ocrx_word' id='word_1_86' title='bbox 935 1309 956 1399; x_wconf 88' lang='grc' dir='ltr'><strong><em>ή</em></strong></span> <span class='ocrx_word' id='word_1_87' title='bbox 984 1315 1023 1384; x_wconf 85' lang='grc' dir='ltr'><strong><em>τὸ</em></strong></span> <span class='ocrx_word' id='word_1_88' title='bbox 1053 1313 1159 1404; x_wconf 85' lang='grc' dir='ltr'><strong><em>ήμισυ</em></strong></span> 
     </span>
     <span class='ocr_line' id='line_1_12' title="bbox 138 1419 1156 1510; baseline 0.003 -23"><span class='ocrx_word' id='word_1_89' title='bbox 138 1425 200 1487; x_wconf 82' lang='grc' dir='ltr'><strong><em>τοῦ</em></strong></span> <span class='ocrx_word' id='word_1_90' title='bbox 225 1426 363 1487; x_wconf 87' lang='grc' dir='ltr'>ΕΖΗΘ</span> <span class='ocrx_word' id='word_1_91' title='bbox 390 1419 531 1504; x_wconf 78' lang='grc' dir='ltr'><strong><em>κύκλου,</em></strong></span> <span class='ocrx_word' id='word_1_92' title='bbox 559 1419 735 1506; x_wconf 77' lang='grc' dir='ltr'><strong><em>ἐπειδήπερ</em></strong></span> <span class='ocrx_word' id='word_1_93' title='bbox 766 1419 826 1487; x_wconf 83' lang='grc' dir='ltr'><strong><em>ἐάν</em></strong></span> <span class='ocrx_word' id='word_1_94' title='bbox 856 1419 912 1487; x_wconf 85' lang='grc' dir='ltr'><strong><em>διὰ</em></strong></span> <span class='ocrx_word' id='word_1_95' title='bbox 940 1424 1009 1489; x_wconf 86' lang='grc' dir='ltr'><strong><em>τών</em></strong></span> <span class='ocrx_word' id='word_1_96' title='bbox 1038 1430 1086 1508; x_wconf 88' lang='grc' dir='ltr'>Ε,</span> <span class='ocrx_word' id='word_1_97' title='bbox 1115 1430 1156 1510; x_wconf 96' lang='grc' dir='ltr'>Ζ,</span> 
     </span>
     <span class='ocr_line' id='line_1_13' title="bbox 138 1524 1158 1616; baseline 0.003 -22"><span class='ocrx_word' id='word_1_98' title='bbox 138 1533 188 1613; x_wconf 93' lang='grc' dir='ltr'>Η,</span> <span class='ocrx_word' id='word_1_99' title='bbox 225 1533 254 1594; x_wconf 88' lang='grc' dir='ltr'>Θ</span> <span class='ocrx_word' id='word_1_100' title='bbox 286 1531 432 1614; x_wconf 80' lang='grc' dir='ltr'><strong><em>σημείων</em></strong></span> <span class='ocrx_word' id='word_1_101' title='bbox 470 1527 700 1612; x_wconf 79' lang='grc' dir='ltr'><strong><em>ἐφαπτομένας</em></strong></span> <span class='ocrx_word' id='word_1_102' title='bbox 736 1524 897 1616; x_wconf 74' lang='grc' dir='ltr'><strong><em>[εὐθείας]</em></strong></span> <span class='ocrx_word' id='word_1_103' title='bbox 936 1530 998 1594; x_wconf 83' lang='grc' dir='ltr'><strong><em>τού</em></strong></span> <span class='ocrx_word' id='word_1_104' title='bbox 1030 1526 1158 1597; x_wconf 89' lang='grc' dir='ltr'><strong><em>κύκλου</em></strong></span> 
     </span>
     <span class='ocr_line' id='line_1_14' title="bbox 138 1631 1157 1724; baseline 0.002 -24"><span class='ocrx_word' id='word_1_105' title='bbox 138 1631 328 1720; x_wconf 81' lang='grc' dir='ltr'><strong><em>άγάγωμεν,</em></strong></span> <span class='ocrx_word' id='word_1_106' title='bbox 346 1636 408 1700; x_wconf 86' lang='grc' dir='ltr'><strong><em>τού</em></strong></span> <span class='ocrx_word' id='word_1_107' title='bbox 427 1633 721 1719; x_wconf 82' lang='grc' dir='ltr'><strong><em>περιγραφομένου</em></strong></span> <span class='ocrx_word' id='word_1_108' title='bbox 739 1632 815 1720; x_wconf 80' lang='grc' dir='ltr'><strong><em>περὶ</em></strong></span> <span class='ocrx_word' id='word_1_109' title='bbox 829 1631 890 1700; x_wconf 83' lang='grc' dir='ltr'><strong><em>τὸν</em></strong></span> <span class='ocrx_word' id='word_1_110' title='bbox 904 1631 1031 1701; x_wconf 90' lang='grc' dir='ltr'><strong><em>κύκλον</em></strong></span> <span class='ocrx_word' id='word_1_111' title='bbox 1045 1660 1157 1724; x_wconf 88' lang='grc' dir='ltr'><strong><em>τετρα-</em></strong></span> 
     </span>
     <span class='ocr_line' id='line_1_15' title="bbox 138 1737 1158 1828; baseline 0 -20"><span class='ocrx_word' id='word_1_112' title='bbox 138 1739 253 1826; x_wconf 91' lang='grc' dir='ltr'><strong><em>γώνου</em></strong></span> <span class='ocrx_word' id='word_1_113' title='bbox 271 1737 375 1827; x_wconf 87' lang='grc' dir='ltr'><strong><em>ήμισύ</em></strong></span> <span class='ocrx_word' id='word_1_114' title='bbox 395 1740 463 1806; x_wconf 79' lang='grc' dir='ltr'><strong><em>ἐστι</em></strong></span> <span class='ocrx_word' id='word_1_115' title='bbox 482 1739 520 1806; x_wconf 88' lang='grc' dir='ltr'><strong><em>τὸ</em></strong></span> <span class='ocrx_word' id='word_1_116' title='bbox 535 1745 671 1805; x_wconf 86' lang='grc' dir='ltr'>ΕΖΗΘ</span> <span class='ocrx_word' id='word_1_117' title='bbox 688 1737 915 1828; x_wconf 89' lang='grc' dir='ltr'><strong><em>τετράγωνον,</em></strong></span> <span class='ocrx_word' id='word_1_118' title='bbox 934 1742 996 1806; x_wconf 84' lang='grc' dir='ltr'><strong><em>τού</em></strong></span> <span class='ocrx_word' id='word_1_119' title='bbox 1015 1738 1053 1808; x_wconf 72' lang='grc' dir='ltr'><strong><em>δὲ</em></strong></span> <span class='ocrx_word' id='word_1_120' title='bbox 1067 1764 1158 1828; x_wconf 91' lang='grc' dir='ltr'><strong><em>περι-</em></strong></span> 
     </span>
     <span class='ocr_line' id='line_1_16' title="bbox 86 1842 1159 1934; baseline 0.007 -25"><span class='ocrx_word' id='word_1_121' title='bbox 86 1860 119 1910; x_wconf 78' lang='lat'><strong><em>15</em></strong></span> <span class='ocrx_word' id='word_1_122' title='bbox 138 1848 325 1934; x_wconf 82' lang='grc' dir='ltr'><strong><em>γραφέντος</em></strong></span> <span class='ocrx_word' id='word_1_123' title='bbox 347 1842 560 1934; x_wconf 77' lang='grc' dir='ltr'><strong><em>τετραγώνου</em></strong></span> <span class='ocrx_word' id='word_1_124' title='bbox 583 1843 729 1913; x_wconf 82' lang='grc' dir='ltr'><strong><em>ἐλάττων</em></strong></span> <span class='ocrx_word' id='word_1_125' title='bbox 752 1845 843 1913; x_wconf 80' lang='grc' dir='ltr'><strong><em>ἐστὶν</em></strong></span> <span class='ocrx_word' id='word_1_126' title='bbox 868 1842 885 1912; x_wconf 90' lang='grc' dir='ltr'>ὁ</span> <span class='ocrx_word' id='word_1_127' title='bbox 909 1843 1046 1926; x_wconf 86' lang='grc' dir='ltr'><strong><em>κύκλος·</em></strong></span> <span class='ocrx_word' id='word_1_128' title='bbox 1072 1843 1159 1916; x_wconf 85' lang='grc' dir='ltr'><strong><em>ώστε</em></strong></span> 
     </span>
     <span class='ocr_line' id='line_1_17' title="bbox 137 1951 1158 2040; baseline 0.001 -21"><span class='ocrx_word' id='word_1_129' title='bbox 137 1952 175 2021; x_wconf 85' lang='grc' dir='ltr'><strong><em>τὸ</em></strong></span> <span class='ocrx_word' id='word_1_130' title='bbox 197 1960 331 2021; x_wconf 88' lang='grc' dir='ltr'>ΕΖΗΘ</span> <span class='ocrx_word' id='word_1_131' title='bbox 354 1953 624 2040; x_wconf 84' lang='grc' dir='ltr'><strong><em>ἐγγεγραμμένον</em></strong></span> <span class='ocrx_word' id='word_1_132' title='bbox 641 1951 854 2039; x_wconf 90' lang='grc' dir='ltr'><strong><em>τετράγωνον</em></strong></span> <span class='ocrx_word' id='word_1_133' title='bbox 873 1951 986 2036; x_wconf 80' lang='grc' dir='ltr'><strong><em>μεῖζόν</em></strong></span> <span class='ocrx_word' id='word_1_134' title='bbox 1006 1953 1076 2020; x_wconf 81' lang='grc' dir='ltr'><strong><em>ἐστι</em></strong></span> <span class='ocrx_word' id='word_1_135' title='bbox 1094 1963 1158 2020; x_wconf 81' lang='grc' dir='ltr'><strong><em>τοῦ</em></strong></span> 
     </span>
     <span class='ocr_line' id='line_1_18' title="bbox 137 2055 1162 2146; baseline 0 -19"><span class='ocrx_word' id='word_1_136' title='bbox 137 2057 282 2146; x_wconf 80' lang='grc' dir='ltr'><strong><em>ἡμίσεως</em></strong></span> <span class='ocrx_word' id='word_1_137' title='bbox 308 2063 370 2127; x_wconf 85' lang='grc' dir='ltr'><strong><em>τού</em></strong></span> <span class='ocrx_word' id='word_1_138' title='bbox 393 2066 531 2126; x_wconf 89' lang='grc' dir='ltr'>ΕΖΗΘ</span> <span class='ocrx_word' id='word_1_139' title='bbox 558 2057 693 2126; x_wconf 90' lang='grc' dir='ltr'><strong><em>κύκλου.</em></strong></span> <span class='ocrx_word' id='word_1_140' title='bbox 745 2055 987 2144; x_wconf 73' lang='grc' dir='ltr'><strong><em>τετμήσθωσαν</em></strong></span> <span class='ocrx_word' id='word_1_141' title='bbox 1015 2062 1093 2146; x_wconf 84' lang='grc' dir='ltr'><strong><em>δίχα</em></strong></span> <span class='ocrx_word' id='word_1_142' title='bbox 1120 2060 1162 2127; x_wconf 76' lang='grc' dir='ltr'><strong><em>αῖ</em></strong></span> 
     </span>
     <span class='ocr_line' id='line_1_19' title="bbox 138 2161 1159 2253; baseline 0.002 -22"><span class='ocrx_word' id='word_1_143' title='bbox 138 2173 218 2250; x_wconf 87' lang='grc' dir='ltr'><strong><em>ΕΖ,</em></strong></span> <span class='ocrx_word' id='word_1_144' title='bbox 247 2172 328 2249; x_wconf 91' lang='grc' dir='ltr'><strong><em>ΖΗ,</em></strong></span> <span class='ocrx_word' id='word_1_145' title='bbox 356 2172 438 2248; x_wconf 89' lang='grc' dir='ltr'><strong><em>ΗΘ,</em></strong></span> <span class='ocrx_word' id='word_1_146' title='bbox 467 2171 533 2232; x_wconf 88' lang='grc' dir='ltr'><strong><em>ΘΕ</em></strong></span> <span class='ocrx_word' id='word_1_147' title='bbox 554 2165 760 2253; x_wconf 87' lang='grc' dir='ltr'><strong><em>περιφέρειαι</em></strong></span> <span class='ocrx_word' id='word_1_148' title='bbox 783 2162 867 2232; x_wconf 86' lang='grc' dir='ltr'><strong><em>κατά</em></strong></span> <span class='ocrx_word' id='word_1_149' title='bbox 890 2161 931 2230; x_wconf 85' lang='grc' dir='ltr'><strong><em>τά</em></strong></span> <span class='ocrx_word' id='word_1_150' title='bbox 955 2170 1004 2249; x_wconf 87' lang='grc' dir='ltr'>Κ,</span> <span class='ocrx_word' id='word_1_151' title='bbox 1028 2172 1073 2250; x_wconf 93' lang='grc' dir='ltr'>Λ,</span> <span class='ocrx_word' id='word_1_152' title='bbox 1102 2174 1159 2253; x_wconf 89' lang='grc' dir='ltr'>Μ,</span> 
     </span>
     <span class='ocr_line' id='line_1_20' title="bbox 138 2269 1159 2360; baseline 0.002 -22"><span class='ocrx_word' id='word_1_153' title='bbox 138 2278 177 2338; x_wconf 93' lang='grc' dir='ltr'><strong><em>Ν</em></strong></span> <span class='ocrx_word' id='word_1_154' title='bbox 196 2283 330 2356; x_wconf 84' lang='grc' dir='ltr'><strong><em>σημεῖα,</em></strong></span> <span class='ocrx_word' id='word_1_155' title='bbox 353 2270 409 2337; x_wconf 79' lang='grc' dir='ltr'><strong><em>καὶ</em></strong></span> <span class='ocrx_word' id='word_1_156' title='bbox 428 2269 680 2357; x_wconf 78' lang='grc' dir='ltr'><strong><em>ἐπεζεύχθωσαν</em></strong></span> <span class='ocrx_word' id='word_1_157' title='bbox 699 2272 736 2337; x_wconf 79' lang='grc' dir='ltr'><strong><em>αἱ</em></strong></span> <span class='ocrx_word' id='word_1_158' title='bbox 752 2278 839 2356; x_wconf 91' lang='grc' dir='ltr'>ΕΚ,</span> <span class='ocrx_word' id='word_1_159' title='bbox 861 2275 947 2358; x_wconf 88' lang='grc' dir='ltr'>ΚΖ,</span> <span class='ocrx_word' id='word_1_160' title='bbox 972 2279 1047 2358; x_wconf 93' lang='grc' dir='ltr'>ΖΛ,</span> <span class='ocrx_word' id='word_1_161' title='bbox 1071 2279 1159 2360; x_wconf 90' lang='grc' dir='ltr'>ΛΗ,</span> 
     </span>
     <span class='ocr_line' id='line_1_21' title="bbox 85 2375 1158 2465; baseline 0.003 -23"><span class='ocrx_word' id='word_1_162' title='bbox 85 2395 119 2443; x_wconf 80' lang='grc' dir='ltr'><strong><em>νο</em></strong></span> <span class='ocrx_word' id='word_1_163' title='bbox 139 2384 233 2462; x_wconf 89' lang='grc' dir='ltr'>ΗΜ,</span> <span class='ocrx_word' id='word_1_164' title='bbox 262 2383 351 2461; x_wconf 88' lang='grc' dir='ltr'>ΜΘ,</span> <span class='ocrx_word' id='word_1_165' title='bbox 379 2382 462 2461; x_wconf 91' lang='grc' dir='ltr'><strong><em>ΘΝ,</em></strong></span> <span class='ocrx_word' id='word_1_166' title='bbox 490 2384 572 2444; x_wconf 84' lang='grc' dir='ltr'><strong><em>ΝΕ</em></strong></span> <span class='ocrx_word' id='word_1_167' title='bbox 600 2377 656 2443; x_wconf 83' lang='grc' dir='ltr'><strong><em>καὶ</em></strong></span> <span class='ocrx_word' id='word_1_168' title='bbox 684 2378 823 2444; x_wconf 78' lang='grc' dir='ltr'><strong><em>ἕκαστον</em></strong></span> <span class='ocrx_word' id='word_1_169' title='bbox 851 2375 916 2461; x_wconf 77' lang='grc' dir='ltr'><strong><em>άριη</em></strong></span> <span class='ocrx_word' id='word_1_170' title='bbox 943 2381 1012 2446; x_wconf 87' lang='grc' dir='ltr'><strong><em>τών</em></strong></span> <span class='ocrx_word' id='word_1_171' title='bbox 1040 2384 1158 2465; x_wconf 87' lang='grc' dir='ltr'>ΕΚΖ,</span> 
     </span>
     <span class='ocr_line' id='line_1_22' title="bbox 138 2480 1153 2571; baseline 0.005 -23"><span class='ocrx_word' id='word_1_172' title='bbox 138 2488 257 2567; x_wconf 92' lang='grc' dir='ltr'>ΖΛΗ,</span> <span class='ocrx_word' id='word_1_173' title='bbox 291 2488 416 2568; x_wconf 89' lang='grc' dir='ltr'>ΗΜΘ,</span> <span class='ocrx_word' id='word_1_174' title='bbox 455 2489 560 2550; x_wconf 85' lang='grc' dir='ltr'><strong><em>ΘΝΕ</em></strong></span> <span class='ocrx_word' id='word_1_175' title='bbox 589 2484 762 2570; x_wconf 77' lang='grc' dir='ltr'><strong><em>τριγώνων</em></strong></span> <span class='ocrx_word' id='word_1_176' title='bbox 795 2482 907 2569; x_wconf 80' lang='grc' dir='ltr'><strong><em>μεῖζόν</em></strong></span> <span class='ocrx_word' id='word_1_177' title='bbox 941 2487 1031 2552; x_wconf 83' lang='grc' dir='ltr'><strong><em>ἐστιν</em></strong></span> <span class='ocrx_word' id='word_1_178' title='bbox 1063 2480 1084 2571; x_wconf 87' lang='grc' dir='ltr'><strong><em>ή</em></strong></span> <span class='ocrx_word' id='word_1_179' title='bbox 1117 2481 1153 2553; x_wconf 65' lang='grc' dir='ltr'><strong><em>τά</em></strong></span> 
     </span>
     <span class='ocr_line' id='line_1_23' title="bbox 138 2585 1159 2681; baseline 0.005 -27"><span class='ocrx_word' id='word_1_180' title='bbox 138 2585 242 2674; x_wconf 87' lang='grc' dir='ltr'><strong><em>ήμισυ</em></strong></span> <span class='ocrx_word' id='word_1_181' title='bbox 260 2592 321 2656; x_wconf 85' lang='grc' dir='ltr'><strong><em>τοῦ</em></strong></span> <span class='ocrx_word' id='word_1_182' title='bbox 339 2586 419 2655; x_wconf 79' lang='grc' dir='ltr'><strong><em>καθ’</em></strong></span> <span class='ocrx_word' id='word_1_183' title='bbox 440 2588 539 2658; x_wconf 80' lang='grc' dir='ltr'><strong><em>έαυτδ</em></strong></span> <span class='ocrx_word' id='word_1_184' title='bbox 557 2589 725 2677; x_wconf 81' lang='grc' dir='ltr'><strong><em>τμήματος</em></strong></span> <span class='ocrx_word' id='word_1_185' title='bbox 742 2593 803 2657; x_wconf 88' lang='grc' dir='ltr'><strong><em>τοῦ</em></strong></span> <span class='ocrx_word' id='word_1_186' title='bbox 817 2587 958 2676; x_wconf 92' lang='grc' dir='ltr'><strong><em>κύκλου,</em></strong></span> <span class='ocrx_word' id='word_1_187' title='bbox 978 2589 1159 2681; x_wconf 77' lang='grc' dir='ltr'><strong><em>ἐπειδήπερ</em></strong></span> 
     </span>
     <span class='ocr_line' id='line_1_24' title="bbox 138 2689 1160 2783; baseline 0.006 -24"><span class='ocrx_word' id='word_1_188' title='bbox 138 2689 197 2760; x_wconf 81' lang='grc' dir='ltr'><strong><em>ἐάν</em></strong></span> <span class='ocrx_word' id='word_1_189' title='bbox 222 2690 276 2760; x_wconf 86' lang='grc' dir='ltr'><strong><em>διά</em></strong></span> <span class='ocrx_word' id='word_1_190' title='bbox 301 2696 369 2761; x_wconf 89' lang='grc' dir='ltr'><strong><em>τών</em></strong></span> <span class='ocrx_word' id='word_1_191' title='bbox 391 2701 438 2778; x_wconf 93' lang='grc' dir='ltr'>Κ,</span> <span class='ocrx_word' id='word_1_192' title='bbox 462 2701 509 2780; x_wconf 91' lang='grc' dir='ltr'>Λ,</span> <span class='ocrx_word' id='word_1_193' title='bbox 534 2703 587 2781; x_wconf 89' lang='grc' dir='ltr'>Μ,</span> <span class='ocrx_word' id='word_1_194' title='bbox 611 2702 650 2762; x_wconf 97' lang='grc' dir='ltr'><em>Ν</em></span> <span class='ocrx_word' id='word_1_195' title='bbox 670 2700 817 2783; x_wconf 82' lang='grc' dir='ltr'><strong><em>σημείων</em></strong></span> <span class='ocrx_word' id='word_1_196' title='bbox 842 2698 1073 2783; x_wconf 81' lang='grc' dir='ltr'><strong><em>ἐφαπτομένας</em></strong></span> <span class='ocrx_word' id='word_1_197' title='bbox 1095 2701 1160 2766; x_wconf 80' lang='grc' dir='ltr'><strong><em>τοῦ</em></strong></span> 
     </span>
     <span class='ocr_line' id='line_1_25' title="bbox 137 2797 1160 2890; baseline 0.008 -25"><span class='ocrx_word' id='word_1_198' title='bbox 137 2799 263 2867; x_wconf 90' lang='grc' dir='ltr'><strong><em>κύκλου</em></strong></span> <span class='ocrx_word' id='word_1_199' title='bbox 295 2797 472 2887; x_wconf 78' lang='grc' dir='ltr'><strong><em>ἀγάγωμεν</em></strong></span> <span class='ocrx_word' id='word_1_200' title='bbox 509 2802 565 2869; x_wconf 80' lang='grc' dir='ltr'><strong><em>καὶ</em></strong></span> <span class='ocrx_word' id='word_1_201' title='bbox 601 2800 899 2890; x_wconf 77' lang='grc' dir='ltr'><strong><em>ἀναπληρώσωμεν</em></strong></span> <span class='ocrx_word' id='word_1_202' title='bbox 931 2802 971 2870; x_wconf 84' lang='grc' dir='ltr'><strong><em>τά</em></strong></span> <span class='ocrx_word' id='word_1_203' title='bbox 1003 2804 1055 2872; x_wconf 76' lang='grc' dir='ltr'><strong><em>ἐπὶ</em></strong></span> <span class='ocrx_word' id='word_1_204' title='bbox 1089 2809 1160 2873; x_wconf 84' lang='grc' dir='ltr'><strong><em>τών</em></strong></span> 
     </span>
     <span class='ocr_line' id='line_1_26' title="bbox 85 2905 1160 2998; baseline 0.007 -26"><span class='ocrx_word' id='word_1_205' title='bbox 85 2925 118 2974; x_wconf 77' lang='lat'><strong><em>25</em></strong></span> <span class='ocrx_word' id='word_1_206' title='bbox 138 2912 218 2990; x_wconf 91' lang='grc' dir='ltr'>ΕΖ,</span> <span class='ocrx_word' id='word_1_207' title='bbox 233 2912 315 2991; x_wconf 90' lang='grc' dir='ltr'>ΖΗ,</span> <span class='ocrx_word' id='word_1_208' title='bbox 331 2913 415 2991; x_wconf 90' lang='grc' dir='ltr'>ΗΘ,</span> <span class='ocrx_word' id='word_1_209' title='bbox 427 2913 491 2974; x_wconf 88' lang='grc' dir='ltr'><strong><em>ΘΕ</em></strong></span> <span class='ocrx_word' id='word_1_210' title='bbox 504 2905 651 2975; x_wconf 75' lang='grc' dir='ltr'><strong><em>εύδειῶν</em></strong></span> <span class='ocrx_word' id='word_1_211' title='bbox 660 2909 1001 2998; x_wconf 87' lang='grc' dir='ltr'><strong><em>παραλληλόγραμμα,</em></strong></span> <span class='ocrx_word' id='word_1_212' title='bbox 1015 2909 1160 2978; x_wconf 76' lang='grc' dir='ltr'><strong><em>ἕκαστον</em></strong></span> 
     </span>
    </p>
   </div>
   <div class='ocr_carea' id='block_1_3' title="bbox 40 3116 1159 3617">
    <p class='ocr_par' dir='ltr' id='par_1_3' title="bbox 137 3116 1157 3335">
     <span class='ocr_line' id='line_1_27' title="bbox 209 3116 1102 3193; baseline 0.007 -21"><span class='ocrx_word' id='word_1_213' title='bbox 209 3124 234 3176; x_wconf 87' lang='grc'><strong><em>3.</em></strong></span> <span class='ocrx_word' id='word_1_214' title='bbox 253 3116 282 3190; x_wconf 88' lang='grc' dir='ltr'><strong><em>ὁ]</em></strong></span> <span class='ocrx_word' id='word_1_215' title='bbox 304 3136 389 3189; x_wconf 78' lang='lat' dir='ltr'><strong>supra</strong></span> <span class='ocrx_word' id='word_1_216' title='bbox 408 3137 445 3174; x_wconf 90' lang='lat' dir='ltr'><strong><em>m.</em></strong></span> <span class='ocrx_word' id='word_1_217' title='bbox 466 3125 480 3172; x_wconf 97' lang='lat'>1</span> <span class='ocrx_word' id='word_1_218' title='bbox 500 3120 530 3175; x_wconf 90' lang='lat' dir='ltr'><strong><em>P.</em></strong></span> <span class='ocrx_word' id='word_1_219' title='bbox 595 3125 620 3175; x_wconf 77' lang='grc' dir='ltr'><strong><em>δ.</em></strong></span> <span class='ocrx_word' id='word_1_220' title='bbox 639 3120 689 3188; x_wconf 81' lang='grc' dir='ltr'><strong><em>τῆς</em></strong></span> <span class='ocrx_word' id='word_1_221' title='bbox 707 3125 851 3177; x_wconf 86' lang='grc' dir='ltr'>ΒΔ-6,</span> <span class='ocrx_word' id='word_1_222' title='bbox 866 3119 980 3193; x_wconf 81' lang='grc' dir='ltr'><strong><em>κύκλος]</em></strong></span> <span class='ocrx_word' id='word_1_223' title='bbox 1000 3138 1055 3178; x_wconf 90' lang='lat' dir='ltr'><strong><em>om.</em></strong></span> <span class='ocrx_word' id='word_1_224' title='bbox 1069 3123 1102 3178; x_wconf 74' lang='lat' dir='ltr'><strong><em>F.</em></strong></span> 
     </span>
     <span class='ocr_line' id='line_1_28' title="bbox 138 3187 1100 3263; baseline 0.006 -19"><span class='ocrx_word' id='word_1_225' title='bbox 138 3195 163 3245; x_wconf 85' lang='grc'><strong><em>6.</em></strong></span> <span class='ocrx_word' id='word_1_226' title='bbox 177 3195 232 3245; x_wconf 91' lang='lat' dir='ltr'><strong><em>BA</em></strong></span> <span class='ocrx_word' id='word_1_227' title='bbox 246 3187 422 3260; x_wconf 85' lang='grc' dir='ltr'><strong><em>τετράγωνον</em></strong></span> <span class='ocrx_word' id='word_1_228' title='bbox 437 3191 470 3245; x_wconf 88' lang='lat' dir='ltr'><strong><em>V.</em></strong></span> <span class='ocrx_word' id='word_1_229' title='bbox 527 3196 551 3244; x_wconf 78' lang='lat'><strong><em>⁷.</em></strong></span> <span class='ocrx_word' id='word_1_230' title='bbox 565 3192 604 3262; x_wconf 89' lang='grc' dir='ltr'><strong><em>τι]</em></strong></span> <span class='ocrx_word' id='word_1_231' title='bbox 620 3208 674 3247; x_wconf 90' lang='lat' dir='ltr'><strong><em>om.</em></strong></span> <span class='ocrx_word' id='word_1_232' title='bbox 689 3190 729 3258; x_wconf 87' lang='lat' dir='ltr'><strong><em>V;</em></strong></span> <span class='ocrx_word' id='word_1_233' title='bbox 748 3210 832 3263; x_wconf 83' lang='lat' dir='ltr'><strong>supra</strong></span> <span class='ocrx_word' id='word_1_234' title='bbox 847 3191 964 3249; x_wconf 79' lang='grc' dir='ltr'><strong><em>ἔλασσον</em></strong></span> <span class='ocrx_word' id='word_1_235' title='bbox 978 3209 1031 3250; x_wconf 75' lang='grc' dir='ltr'><strong><em>τοι.</em></strong></span> <span class='ocrx_word' id='word_1_236' title='bbox 1048 3195 1100 3250; x_wconf 65' lang='grc' dir='ltr'><strong><em>εει.</em></strong></span> 
     </span>
     <span class='ocr_line' id='line_1_29' title="bbox 137 3257 1157 3335; baseline 0.007 -21"><span class='ocrx_word' id='word_1_237' title='bbox 137 3257 241 3315; x_wconf 82' lang='grc' dir='ltr'><strong><em>κύκλου</em></strong></span> <span class='ocrx_word' id='word_1_238' title='bbox 275 3278 429 3331; x_wconf 76' lang='lat' dir='ltr'><strong>suprascr.</strong></span> <span class='ocrx_word' id='word_1_239' title='bbox 449 3280 485 3316; x_wconf 91' lang='lat' dir='ltr'><strong><em>m.</em></strong></span> <span class='ocrx_word' id='word_1_240' title='bbox 507 3262 571 3317; x_wconf 88' lang='lat' dir='ltr'><strong><em>lV.</em></strong></span> <span class='ocrx_word' id='word_1_241' title='bbox 626 3268 651 3317; x_wconf 83' lang='lat'><strong><em>9.</em></strong></span> <span class='ocrx_word' id='word_1_242' title='bbox 666 3264 794 3333; x_wconf 83' lang='grc' dir='ltr'>ΕΖΗΘ]</span> <span class='ocrx_word' id='word_1_243' title='bbox 811 3265 1021 3335; x_wconf 72' lang='lat' dir='ltr'><strong>(alt.)Esupra</strong></span> <span class='ocrx_word' id='word_1_244' title='bbox 1035 3283 1071 3320; x_wconf 89' lang='lat' dir='ltr'><strong><em>m.</em></strong></span> <span class='ocrx_word' id='word_1_245' title='bbox 1090 3272 1104 3319; x_wconf 91' lang='lat'>1</span> <span class='ocrx_word' id='word_1_246' title='bbox 1120 3266 1157 3322; x_wconf 87' lang='lat' dir='ltr'><strong><em>V.</em></strong></span> 
     </span>
    </p>

    <p class='ocr_par' dir='ltr' id='par_1_4' title="bbox 209 3329 1158 3406">
     <span class='ocr_line' id='line_1_30' title="bbox 209 3329 1158 3406; baseline 0.007 -21"><span class='ocrx_word' id='word_1_247' title='bbox 209 3329 245 3400; x_wconf 85' lang='grc' dir='ltr'><strong><em>δή</em></strong></span> <span class='ocrx_word' id='word_1_248' title='bbox 277 3332 309 3386; x_wconf 82' lang='grc' dir='ltr'><strong><em>δέ</em></strong></span> <span class='ocrx_word' id='word_1_249' title='bbox 328 3332 390 3387; x_wconf 80' lang='lat' dir='ltr'><strong><em>FV.</em></strong></span> <span class='ocrx_word' id='word_1_250' title='bbox 474 3339 516 3388; x_wconf 80' lang='lat'><strong><em>12.</em></strong></span> <span class='ocrx_word' id='word_1_251' title='bbox 536 3329 666 3404; x_wconf 78' lang='grc' dir='ltr'><strong><em>εύθείας]</em></strong></span> <span class='ocrx_word' id='word_1_252' title='bbox 686 3351 739 3388; x_wconf 90' lang='lat' dir='ltr'><strong><em>om.</em></strong></span> <span class='ocrx_word' id='word_1_253' title='bbox 759 3334 872 3404; x_wconf 85' lang='lat' dir='ltr'><strong>BFVq.</strong></span> <span class='ocrx_word' id='word_1_254' title='bbox 948 3342 988 3391; x_wconf 83' lang='lat'><strong><em>13.</em></strong></span> <span class='ocrx_word' id='word_1_255' title='bbox 1009 3332 1158 3406; x_wconf 76' lang='grc' dir='ltr'><strong><em>διάγωμεν</em></strong></span> 
     </span>
    </p>

    <p class='ocr_par' dir='ltr' id='par_1_5' title="bbox 40 3399 1159 3617">
     <span class='ocr_line' id='line_1_31' title="bbox 137 3399 1157 3476; baseline 0.01 -22"><span class='ocrx_word' id='word_1_256' title='bbox 137 3402 197 3469; x_wconf 84' lang='lat' dir='ltr'><strong><em>Rq,</em></strong></span> <span class='ocrx_word' id='word_1_257' title='bbox 215 3399 398 3471; x_wconf 79' lang='grc' dir='ltr'><strong><em>διαγάγωμεν</em></strong></span> <span class='ocrx_word' id='word_1_258' title='bbox 416 3403 439 3456; x_wconf 96' lang='grc' dir='ltr'><strong>Β</strong></span> <span class='ocrx_word' id='word_1_259' title='bbox 458 3421 495 3458; x_wconf 92' lang='lat' dir='ltr'><strong><em>m.</em></strong></span> <span class='ocrx_word' id='word_1_260' title='bbox 514 3409 530 3457; x_wconf 77' lang='lat'>2</span> <span class='ocrx_word' id='word_1_261' title='bbox 551 3406 580 3459; x_wconf 80' lang='lat' dir='ltr'><strong><em>et</em></strong></span> <span class='ocrx_word' id='word_1_262' title='bbox 597 3403 619 3456; x_wconf 81' lang='grc' dir='ltr'>Ε</span> <span class='ocrx_word' id='word_1_263' title='bbox 638 3406 690 3473; x_wconf 86' lang='grc' dir='ltr'><strong><em>(δι-</em></strong></span> <span class='ocrx_word' id='word_1_264' title='bbox 710 3407 809 3474; x_wconf 81' lang='lat' dir='ltr'><strong>eua&#39;n.).</strong></span> <span class='ocrx_word' id='word_1_265' title='bbox 920 3412 960 3461; x_wconf 78' lang='lat'><strong><em>15.</em></strong></span> <span class='ocrx_word' id='word_1_266' title='bbox 982 3403 1109 3462; x_wconf 79' lang='grc' dir='ltr'><strong><em>ἐλάσσων</em></strong></span> <span class='ocrx_word' id='word_1_267' title='bbox 1123 3427 1157 3476; x_wconf 86' lang='grc' dir='ltr'><strong><em>φ.</em></strong></span> 
     </span>
     <span class='ocr_line' id='line_1_32' title="bbox 40 3467 1159 3550; baseline 0.008 -27"><span class='ocrx_word' id='word_1_268' title='bbox 40 3482 43 3487; x_wconf 85' lang='grc'>·</span> <span class='ocrx_word' id='word_1_269' title='bbox 210 3477 251 3528; x_wconf 80' lang='grc'><strong><em>17.</em></strong></span> <span class='ocrx_word' id='word_1_270' title='bbox 272 3467 387 3541; x_wconf 82' lang='grc' dir='ltr'><strong><em>ἡμίσεος</em></strong></span> <span class='ocrx_word' id='word_1_271' title='bbox 404 3473 491 3542; x_wconf 88' lang='lat' dir='ltr'><strong><em>BVq.</em></strong></span> <span class='ocrx_word' id='word_1_272' title='bbox 567 3482 608 3530; x_wconf 91' lang='lat'><strong><em>18.</em></strong></span> <span class='ocrx_word' id='word_1_273' title='bbox 625 3477 679 3530; x_wconf 86' lang='grc' dir='ltr'>ΘΕ</span> <span class='ocrx_word' id='word_1_274' title='bbox 711 3491 795 3545; x_wconf 77' lang='lat' dir='ltr'><strong>supra</strong></span> <span class='ocrx_word' id='word_1_275' title='bbox 814 3478 931 3533; x_wconf 77' lang='lat' dir='ltr'><strong>m.213.</strong></span> <span class='ocrx_word' id='word_1_276' title='bbox 1004 3483 1047 3532; x_wconf 76' lang='lat'><strong><em>20.</em></strong></span> <span class='ocrx_word' id='word_1_277' title='bbox 1068 3478 1159 3550; x_wconf 80' lang='grc' dir='ltr'>ΕΚΖ]</span> 
     </span>
     <span class='ocr_line' id='line_1_33' title="bbox 137 3543 1157 3617; baseline 0.009 -22"><span class='ocrx_word' id='word_1_278' title='bbox 137 3543 427 3598; x_wconf 80' lang='lat' dir='ltr'><strong>zecorr.m.1V.</strong></span> <span class='ocrx_word' id='word_1_279' title='bbox 519 3552 563 3601; x_wconf 82' lang='lat'><strong><em>21.</em></strong></span> <span class='ocrx_word' id='word_1_280' title='bbox 583 3549 679 3602; x_wconf 85' lang='grc' dir='ltr'>ΗΜΘ</span> <span class='ocrx_word' id='word_1_281' title='bbox 711 3548 1157 3617; x_wconf 73' lang='grc' dir='ltr'><strong><em>Ηεοοει.π;ΘΗΜΘ,δολ.</em></strong></span> 
     </span>
    </p>
   </div>
   <div class='ocr_carea' id='block_1_4' title="bbox 0 0 1238 3952">
    <p class='ocr_par' dir='ltr' id='par_1_6' title="bbox 0 0 1238 3952">
     <span class='ocr_line' id='line_1_34' title="bbox 0 0 1238 3952; baseline 0 0"><span class='ocrx_word' id='word_1_282' title='bbox 0 0 1238 3952; x_wconf 95' lang='lat' dir='ltr'><strong><em> </em></strong></span> 
     </span>
    </p>
   </div>
  </div>
 </body>
</html>
