2468 3952
154 202 219 268 268
527 205 729 258 ενουωωαα
748 202 797 273 ιγ’.
907 258 911 264 ,

153 344 208 412 καῖ
232 342 253 432 ή
272 341 337 413 ὑπὸ
361 354 463 414 ΑΕΔ
485 345 551 434 άρα
574 350 680 432 γωνία
703 358 775 424 ταῖς
797 343 880 433 πρὸς
903 358 973 425 τοῖς
991 353 1037 430 Α,
1062 350 1095 412 Γ
1114 351 1169 431 ἴση

153 453 253 520 ἐστίν.
308 448 364 518 διὰ
396 451 437 519 τά
471 450 557 521 αὑτά
590 449 632 536 δή
660 452 716 518 καὶ
744 449 764 538 ή
793 447 858 520 ὑπὸ
887 456 992 519 ΑΒΓ
1016 460 1072 537 ἴση
1101 451 1170 519 ἐστὶ

151 571 223 637 ταῖς
245 555 329 645 πρὸς
351 570 422 638 τοῖς
440 567 486 645 A,
510 564 549 645 Γ,
574 567 607 627 Δ
629 562 778 645 γωνίαις.
810 557 994 646 ἰσογώνιον
1014 556 1081 647 άρα
1101 555 1170 626 ἐστὶ

151 665 189 732 τὸ
212 669 385 732 ΑΒΓΔΕ
404 663 636 751 πεντάγωνον·
660 664 741 751 ὅπερ
766 668 833 733 ἔδει
857 665 971 745 δεῖξαι.

120 857 136 908 σ
640 842 684 930 η’.

217 964 306 1033 Ἐάν
347 964 604 1051 πενταγώνου
646 965 889 1054 ἰσοπλεύρου
925 965 989 1032 ιιαῖ
1028 969 1171 1050 ἴσογω-

152 1078 243 1141 νίου
265 1070 333 1153 τάς
355 1070 451 1139 κατὰ
475 1069 516 1139 τὸ
541 1071 628 1157 ἑξῆς
647 1069 719 1139 δύο
739 1076 887 1158 γωνίας
905 1068 1172 1139 ὑποτείνωσιν

153 1177 330 1263 εὐθεῖαι,
354 1176 477 1265 άνρον
499 1177 564 1244 καὶ
588 1177 710 1264 μέσον
733 1176 854 1263 λόγον
873 1178 1090 1263 τέμνουσιν
1109 1171 1172 1243 άλ·

152 1285 287 1371 λήλας,
310 1286 376 1352 καὶ
398 1282 442 1350 τά
465 1288 631 1371 μείζονα
654 1280 785 1352 αὑτών
803 1282 982 1371 τμήματα
1003 1290 1069 1350 ἴσα
1088 1283 1172 1351 ἐστὶ

100 1407 133 1457 10
154 1393 198 1479 τή
222 1393 294 1457 τοῦ
316 1388 579 1476 πενταγώνου
602 1393 760 1478 πλευρᾷ.
1217 1383 1220 1390 ’

220 1495 447 1581 Πενταγώνου
475 1488 539 1582 γάρ
572 1494 775 1580 ἰσοπλεύρου
806 1495 862 1563 καῖ
895 1499 1079 1581 ἰσογωνίου
1111 1498 1172 1563 τοῦ

154 1607 324 1670 ΑΒΓΔΕ
345 1601 409 1669 δύο
432 1607 556 1689 γωνίας
578 1599 637 1683 τάς
659 1599 742 1669 κατὰ
765 1600 803 1670 τὸ
827 1602 901 1689 ἑξῆς
922 1601 982 1681 τὰς
999 1598 1084 1688 πρὸς
1101 1614 1173 1680 τοῖς

154 1717 201 1795 Α,
228 1715 257 1776 Β
285 1705 549 1776 ὑποτεινέτωσαν
578 1704 710 1776 εὐθεῖαι
738 1710 775 1774 αἴ
795 1713 872 1793 ΑΓ,
901 1715 970 1776 ΒΕ
989 1708 1173 1793 τέμνουσαι

154 1812 299 1901 ἀλλήλας
321 1811 403 1881 κατὰ
427 1811 464 1881 τὸ
484 1820 513 1880 Θ
531 1826 684 1900 σημεῖον·
708 1815 805 1899 λέγω,
830 1811 881 1882 ὅτι
900 1814 1038 1901 ἑκατέρα
1057 1811 1173 1882 αὐτῶν

102 1937 135 1988 15
154 1921 260 2009 άνρον
285 1920 345 1987 ναὶ
372 1921 476 2006 μέσον
499 1917 602 2005 λόγον
625 1920 779 2007 τέτμηται
801 1920 884 1987 κατά
907 1917 944 1987 τὸ
968 1926 997 1995 Θ
1020 1933 1173 2007 σημεῖον,

153 2027 210 2094 καὶ
232 2025 272 2093 τά
291 2030 426 2112 μείζονα
444 2023 558 2094 αὑτών
576 2025 728 2113 τμήματα
751 2034 809 2094 ἴσα
827 2025 896 2093 ἐστὶ
914 2029 954 2114 τή
973 2029 1035 2094 τοῦ
1053 2049 1173 2095 πεντα-

154 2131 268 2218 γώνου
290 2134 426 2221 πλευρᾷ.
909 2186 920 2205 .
993 2185 996 2188 .

221 2236 494 2324 Περιγεγράφθω
517 2239 580 2325 γάρ
603 2236 739 2329 περὶιτὸ
759 2242 930 2305 ΑΒΓΔΕ
950 2236 1172 2324 πεντάγωνον

154 2341 276 2422 ιιάκλος
300 2339 318 2409 ὁ
337 2349 513 2412 ΑΒΓΔΕ.
549 2344 606 2411 καὶ
625 2343 694 2412 ἐπεὶ
718 2342 781 2411 δύο
804 2341 935 2412 εὐθεῖαι
954 2346 992 2411 αἴ
1003 2350 1080 2430 ΕΑ,
1106 2353 1172 2413 ΑΒ

17 2486 21 2490 -
102 2467 137 2518 20
156 2447 234 2516 ὑυσῖ
262 2460 335 2527 ταῖς
358 2437 438 2534 ΑΒ,
465 2454 532 2516 ΒΓ
560 2457 631 2518 ἴσαι
657 2450 723 2517 εἰσὶ
749 2449 806 2516 καὶ
829 2455 954 2536 γωνίας
982 2458 1056 2530 ἴσας
1082 2474 1175 2540 περι·

155 2556 308 2641 έχουσιν,
340 2553 438 2640 βάσις
467 2553 533 2643 άρα
561 2553 582 2643 ή
610 2563 677 2624 ΒΕ
702 2555 798 2641 βάσει
824 2560 864 2646 τή
892 2562 962 2624 ΑΓ
985 2565 1041 2643 ἴση
1070 2558 1175 2645 ἐστίν,

155 2661 211 2727 καὶ
233 2657 271 2728 τὸ
292 2666 396 2727 ΑΒΕ
416 2664 583 2747 τρίγωνον
605 2664 652 2753 τῷ
672 2666 776 2728 ΑΒΓ
793 2659 945 2750 τριγώνῳ
970 2668 1047 2730 ἴσον
1070 2663 1174 2751 ἐστίν,

155 2766 211 2834 καὶ
235 2768 273 2832 αἴ
293 2765 406 2833 λοιπαὶ
424 2771 545 2852 γωνίαι
562 2778 635 2846 ταϊς
653 2773 783 2848 λοιπαῖς
801 2772 940 2854 γωνίαις
953 2774 1023 2835 ἴσαι
1038 2772 1179 2838 ἔσονται,

157 2872 294 2961 έιιατέρα
314 2871 466 2962 ἑκατέρᾳ,
485 2867 545 2958 ὑφ’
566 2868 606 2953 ἃς
624 2876 662 2939 αἴ
679 2881 749 2941 ἴσαι
766 2873 907 2961 πλευραὶ
925 2871 1176 2945 ὑποτείνουσιν.

105 2997 138 3048 25
157 2987 212 3065 ἴση
236 2977 301 3066 άρα
322 2978 413 3046 ἐστὶν
431 2975 452 3063 ἡ
471 2974 538 3046 ὑπὸ
556 2985 619 3046 ΒΑ
624 2984 656 3046 Γ
669 2984 776 3065 γωνία
793 2983 833 3068 τή
851 2977 918 3048 ὑπὸ
933 2987 1048 3049 ΑΒΕ·
1071 2985 1175 3068 ὑιπλή

230 3179 253 3228 1.
291 3175 363 3228 ωνῖα
382 3168 439 3240 άρα
457 3173 507 3242 bq.
580 3172 650 3243 τοῖς]
672 3178 733 3236 ταῖς
751 3173 777 3228 b.
860 3181 884 3230 2.
904 3169 990 3244 ἐστίν]
1011 3168 1074 3229 ἔστί
1088 3176 1174 3246 Vbq.

212 3240 272 3298 ἔστί
308 3241 383 3300 ἐστίν
401 3243 433 3298 Β.
497 3251 521 3300 3.
537 3244 607 3313 τοῖς]
627 3263 671 3298 τοι
689 3243 718 3301 Ρ.
785 3241 861 3317 έττῖ]
881 3263 935 3300 om.
956 3246 987 3301 V.
1056 3252 1082 3300 4.
1102 3242 1175 3317 ὅπερ

158 3311 219 3369 ἔδει
237 3315 341 3386 δεῖξαι]
362 3332 417 3370 om.
436 3316 515 3386 Bbq.
602 3319 630 3371 7.,
646 3310 843 3371 ὑποτείνουσιν
862 3316 917 3386 Pq.
1003 3323 1028 3372 9.
1048 3313 1129 3372 ἔσται
1148 3337 1174 3388 q.

231 3391 271 3441 16.
292 3384 363 3441 εἰσίν
381 3385 412 3453 Β,
432 3385 489 3441 εἴοί
504 3385 537 3440 V.
623 3391 667 3440 20.
687 3385 759 3442 εἰσίν
778 3386 836 3441 ΡΒ,
909 3384 1071 3457 περιέχουσι
1089 3387 1174 3460 Vbq.

228 3462 271 3511 21.
292 3453 354 3511 ἐστί
367 3457 458 3525 PVq,
478 3474 568 3526 comp.
587 3457 614 3510 b.
700 3463 744 3512 λλ.
764 3455 825 3513 έττῖ
840 3458 951 3528 PVbq.
1031 3463 1075 3514 23.
1096 3457 1177 3516 ἔσον-

156 3526 216 3597 ται]
236 3526 307 3582 εἰσίν
326 3544 352 3594 q.
402 3533 445 3584 25.
465 3529 509 3597 ἴση
525 3559 558 3568 -
572 3546 599 3597 p.
615 3532 677 3599 270,
693 3536 707 3582 1
723 3529 812 3600 ΒΑΘ]
832 3529 872 3584 sic
891 3530 922 3598 b,
941 3529 990 3584 sed
1009 3547 1067 3600 mg.
1086 3548 1125 3587 m.
1147 3539 1176 3587 12
