2468 3952
138 208 181 271 25
512 205 714 259 Στοιαιιιαα
733 199 785 260 ια’.

138 349 208 417 ἐπεὶ
237 357 291 434 ἴση
320 348 411 416 ἐστὶν
438 346 459 434 ἡ
483 355 548 415 ΑΒ
571 351 611 436 τῇ
636 353 719 432 AB,
746 345 844 432 κοινὴ
873 345 912 413 δὲ
934 343 955 433 ἡ
980 353 1063 432 BA,
1093 344 1157 415 δύο

138 453 180 540 δὴ
204 458 241 521 αί
261 461 344 540 ΑΒ,
374 462 441 522 BA
470 454 547 522 δνσῖ
570 466 643 532 ταῖς
666 460 750 539 BA,
779 460 846 520 AB
874 461 944 520 ἴσαι
972 457 1072 521 είσῖν·
1101 453 1158 520 καὶ

136 567 244 647 γωνία
272 559 292 646 η
320 558 387 627 ὑπὸ
410 567 518 628 ΑΒΔ
545 565 653 649 γωνίῳ
681 563 721 647 τῇ
750 555 816 626 ὑπὸ
839 567 943 626 ΕΔΒ
969 567 1037 645 ἴση·
1066 555 1158 647 ὀρθὴ

137 671 200 756 γὰρ
233 669 383 754 έκατέρα·
416 667 514 754 βάσις
546 666 611 755 ἄρα
642 666 664 753 ἡ
693 676 725 734 Α
733 675 766 733 A
797 666 893 751 βάσει
924 669 964 754 τῇ
994 671 1061 731 ΒΕ
1092 674 1157 752 ἴση.

102 776 191 841 σκαὶ
220 775 289 843 ἐπεὶ
317 782 372 861 ἴση
403 776 494 842 ἐστὶν
516 773 536 860 ἡ
562 773 624 860 μὲν
648 781 713 840 ΑΒ
741 777 781 862 τῇ
807 779 887 859 ΔΕ,
917 769 937 858 η
967 771 1005 839 δὲ
1028 779 1095 839 ΒΕ
1116 777 1157 861 τῇ

135 889 224 966 AA,
252 880 316 948 δύο
345 877 387 967 δη
419 883 457 947 αἴ
476 886 560 966 ΑΒ,
591 886 657 947 ΒΕ
683 879 760 947 δυσὶ
784 893 856 958 ταῖς
879 885 964 964 ΕΔ,
993 887 1062 945 ΔΑ
1086 888 1158 946 ἴσαι

136 986 223 1053 εἰσὶν
247 987 384 1073 ἑκατέρα
404 987 561 1077 ἑκατέρῳ..
584 986 640 1052 καὶ
659 985 756 1071 βάσις
779 983 892 1052 αὐτῶν
914 983 1012 1071 τιοινη
1037 983 1057 1071 ἡ
1078 995 1107 1052 Α
1114 993 1157 1052 Ε·

135 1098 242 1178 γωνία
270 1091 337 1181 ἄρα
365 1090 385 1179 ἡ
415 1090 481 1160 ὑπὸ
508 1101 609 1160 ΑΒΕ
634 1099 742 1182 γωνίᾳ
768 1096 808 1181 τῇ
837 1090 904 1160 ὑπὸ
929 1099 1036 1158 ΕΔΑ
1065 1093 1157 1159 ἐστιν

136 1206 201 1283 ἴση.
248 1197 336 1287 ὀρθὴ
373 1199 411 1267 δὲ
442 1196 463 1286 ἡ
498 1197 563 1266 ὑπὸ
588 1205 702 1266 ΑΒΕ·
735 1196 823 1286 ὀρθὴ
857 1196 923 1286 ἅμα
956 1196 1012 1264 καὶ
1039 1194 1060 1283 ἡ
1089 1195 1157 1266 ὑπὸ

85 1322 117 1371 10
136 1312 254 1371 ΕΔΑ·
283 1302 303 1390 ἡ
327 1312 396 1372 EA
423 1303 489 1394 ἄρα
516 1303 600 1392 πρὸς
627 1303 689 1391 τὴν
713 1313 785 1372 ΑΛ
813 1303 901 1391 ὀρθή
931 1307 1029 1372 ἐστιν.
1086 1308 1156 1370 ἐστι

136 1409 174 1477 δὲ
201 1410 255 1478 καὶ
283 1409 367 1498 πρὸς
393 1408 455 1496 τὴν
480 1418 547 1477 AB
575 1407 678 1497 ὀρθή·
709 1407 730 1497 η
755 1416 823 1476 EA
851 1407 917 1496 ἄρα
944 1409 1000 1477 καὶ
1027 1415 1072 1503 τῷ
1098 1408 1155 1478 διδ

134 1521 202 1585 τῶν
225 1524 311 1603 BA,
336 1526 405 1585 AA
435 1518 578 1608 ἐπιπέδῳ
603 1514 692 1603 ὀρθή
717 1519 815 1584 ἐστιν.
862 1517 918 1583 καί
941 1515 1023 1605 πρὸς
1046 1516 1156 1596 πάσας

136 1619 201 1708 ἄρα
233 1622 292 1702 τὰς
320 1619 506 1709 ἁπτομένας
534 1618 636 1708 αὐτῆς
663 1621 798 1702 εὐθείας
827 1622 883 1689 καὶ
912 1620 1015 1701 οὔσας
1044 1624 1082 1690 ε’ν
1109 1627 1154 1714 τῳ

136 1725 193 1794 διὰ
215 1739 284 1797 τῶν
307 1736 413 1795 BAA
437 1731 579 1819 ἐπιπέδῳ
604 1726 711 1816 ὀρθὰς
733 1728 865 1816 ποιήσει
887 1734 1013 1815 γωνίας
1034 1727 1056 1816 ἡ
1080 1737 1154 1797 EA.

84 1850 116 1899 15
135 1834 172 1900 ἐν
201 1834 238 1902 δὲ
265 1840 310 1927 τῳ
335 1834 392 1903 διὰ
416 1839 485 1904 τῶν
508 1843 614 1904 BAA
638 1837 780 1928 ἐπιπέδῳ
805 1836 895 1904 ἐστὶν
924 1833 944 1922 ἡ
970 1841 1046 1920 AI',
1070 1832 1154 1904 ἒπει-

135 1940 239 2029 δήπερ
273 1939 310 2009 ἐν
342 1946 388 2034 τῷ
417 1940 474 2010 διὰ
504 1947 571 2010 τῶν
596 1949 701 2008 ΒΔΑ
727 1941 870 2032 ἐπιπέδῳ
902 1942 989 2008 είσῖν
1013 1946 1051 2009 αἴ
1071 1950 1154 2028 AB,

134 2054 219 2133 BA,
244 2046 281 2115 ἐν
306 2039 333 2139 ᾦ
357 2047 394 2116 δέ
417 2051 454 2114 αί
471 2054 553 2132 AB,
573 2055 656 2132 BA,
679 2046 717 2115 ἐν
740 2047 847 2139 τούτῳ
872 2045 940 2114 ἐστὶ
961 2045 1154 2134 καῖηΔΓ,

134 2150 154 2237 ἡ
176 2159 242 2218 ΕΔ
266 2150 331 2238 ἄρα
353 2156 393 2240 τῇ
414 2159 484 2219 ΛΓ
501 2151 586 2240 πρὸς
609 2150 717 2239 ὀρθάς
739 2150 844 2220 ἔστιν·
867 2151 952 2220 ὥστε
974 2155 1030 2220 καὶ
1049 2151 1071 2240 ἡ
1092 2161 1154 2221 ΓΛ

133 2260 172 2345 τῇ
196 2264 268 2324 AE
293 2254 375 2343 πρὸς
398 2255 506 2345 ὀρθάς
529 2256 628 2326 ἐστιν.
666 2264 735 2326 ἐστι
758 2257 795 2326 δὲ
817 2260 873 2326 καὶ
896 2256 998 2345 ἡΓΔ
1021 2263 1061 2348 τῇ
1086 2267 1155 2327 ΒΔ

81 2381 115 2430 20
134 2360 217 2449 πρὸς
240 2358 355 2449 ὀρθάς.
394 2359 415 2448 ἡ
439 2369 502 2429 ΓΔ
525 2362 592 2450 ἄρα
615 2363 678 2432 δύο
704 2362 853 2444 εὐθείαις
875 2367 1073 2452 τεμνούσαις
1096 2363 1154 2433 οἳλ-

133 2467 236 2555 ίήίας
258 2482 331 2547 ταῖς
354 2476 442 2555 ΔΕ,
462 2476 529 2536 AB
554 2466 618 2538 ιἰπό
643 2475 701 2557 της
723 2469 806 2537 κατὰ
830 2470 868 2539 τὸ
889 2480 922 2538 A
944 2475 1048 2558 τομῆς
1071 2471 1154 2560 πρὸς

134 2573 242 2660 ὀρθὰς
269 2572 464 2660 ἐφέστηκεν·
494 2574 577 2644 ὥστε
605 2574 626 2664 ἡ
651 2582 719 2644 ΓΔ
741 2577 797 2644 καί
824 2581 869 2669 τῷ
895 2577 952 2645 διδι
975 2581 1042 2646 τῶν
1068 2587 1153 2664 ΔΕ,

134 2686 200 2746 AB
225 2682 368 2771 ἐπιπέδῳ
392 2680 474 2769 πρὸς
498 2681 612 2778 ὀρθάς
629 2684 728 2752 ἐστιν.
770 2682 808 2751 τὸ
833 2682 871 2751 δέ
895 2681 952 2751 διὰ
974 2687 1043 2751 τῶν
1068 2692 1153 2772 AB,

133 2793 199 2852 AB
233 2789 392 2855 ἐπίπεδον
420 2785 457 2856 τδ
486 2785 707 2875 ὑποκείμενόν
735 2786 839 2857 ἐστιν·
872 2786 984 2875 MA
1012 2788 1078 2878 ἄρα
1106 2795 1152 2882 τῷ

80 2910 113 2960 25
133 2888 339 2985 ὑποκειμένῳ
364 2890 508 2986 ἐπιπέδῳ
531 2898 616 2983 πρὸς
639 2893 747 2983 ὀρθάς
769 2892 870 2964 ἐστιν.

197 2997 277 3067 Ἐδιν
305 2998 370 3088 ἄρα
399 2993 462 3068 οἷσι
485 3001 548 3069 δύο
573 3000 704 3069 εὐθεῖαι
736 3002 961 3089 παράλληλοι,
985 3001 1006 3090 ἡ
1031 3002 1069 3072 δέ
1093 3011 1152 3092 μία

205 3178 387 3249 2.AB]BA
406 3180 433 3233 b.
507 3177 565 3232 εἰσί
580 3178 642 3244 Vb,
663 3195 753 3250 comp.
769 3179 800 3233 F.
871 3186 897 3238 4.
913 3176 988 3235 ἐστιν
1004 3183 1030 3235 ἴσ
1063 3181 1150 3236 BVb.

207 3254 230 3300 7.
251 3242 383 3323 ἑκατέρῳ]
403 3266 557 3318 suprascr.
577 3249 606 3303 F.
698 3246 715 3318 ἡ
749 3268 904 3321 suprascr.
924 3258 998 3307 m.l
1045 3295 1050 3306 .

132 3322 155 3369 8.
173 3319 269 3388 ΕΔΑ]
290 3323 343 3371 BA
362 3337 418 3387 seq.
438 3337 492 3375 ras.
514 3327 527 3374 1
547 3319 603 3375 litt.
623 3341 653 3388 φ.
726 3322 798 3446 στιτὲ
819 3338 904 3392 supra
922 3339 975 3379 sor.
986 3341 1022 3378 m.
1036 3331 1048 3377 1
1060 3322 1091 3380 Ε.

131 3393 155 3441 9.
176 3384 251 3456 ὀρθή
271 3419 303 3428 -
324 3391 418 3460 ΑΒΕ]
438 3390 468 3444 in
486 3408 540 3447 ras.
560 3391 682 3461 plurium
701 3391 757 3447 litt.
801 3437 806 3448 .
895 3399 937 3448 10.
957 3393 1026 3465 AA]
1048 3401 1100 3449 ΔΑ
1120 3395 1150 3449 P.

205 3465 246 3513 11.
263 3460 328 3529 AB]
348 3459 378 3513 in
396 3478 448 3515 ras.
463 3460 496 3515 V.
572 3469 613 3516 12.
633 3459 692 3518 ἐστι
705 3462 739 3531 V,
759 3480 848 3534 comp.
864 3465 919 3518 Εἴ).
993 3472 1035 3519 14.
1055 3467 1149 3538 ΒΔΑ]

130 3529 166 3595 P;
186 3535 252 3598 ΑΛ,
273 3535 325 3583 AB
346 3529 381 3597 133
402 3535 533 3600 ΒΔ,ΑΒ
552 3533 571 3587 b
590 3534 667 3588 etin
684 3550 738 3588 ras.
753 3535 814 3590 εἴ.
871 3535 972 3591 ΔΕΡ.
1029 3541 1071 3590 15.
1087 3542 1150 3604 BA,
