2468 3952
156 206 220 270 140
523 201 725 254 ΣΤοΙΧΕΙΩΝ
745 199 795 272 αι’.

154 372 267 433 γωνον
289 349 334 436 τῷ
354 349 453 411 ΖΗΛ
475 341 637 434 τριγώνῳ.
675 351 729 429 ἴση
754 340 819 431 ἄρα
837 343 928 410 ἐστὶν
947 340 968 429 ἡ
988 340 1053 411 ὑπὸ
1070 349 1173 413 ΑΕΒ

154 456 261 539 γωιιι
285 455 325 539 τῇ
349 448 414 518 ὑπὸ
439 455 550 517 ΖΛΗ.
596 446 670 516 ἀλλ’
696 446 716 535 ἡ
741 449 802 535 μιν
825 445 891 516 ὑπὸ
916 436 1016 516 ΑΕΒ
1039 454 1080 539 τῇ
1105 447 1167 518 σοι

66 630 70 637 ,
155 565 264 626 ΑΜΒ
293 559 382 625 ἐστιν
411 564 479 643 ἴση
508 556 560 624 ἐπὶ
589 554 653 643 γὰρ
676 559 735 642 τῆς
758 553 861 642 αὐτῆς
883 562 1097 644 περιφερείας
1119 562 1173 642 βε-

154 664 311 751 βήκασιν
339 661 359 750 ἡ
389 662 427 732 δὲ
453 661 519 730 ὑπὸ
545 669 651 730 ΖΑΗ
674 672 714 750 τῇ
742 659 808 730 ὑπὸ
832 669 951 729 ΖΝΗ·
981 663 1037 730 καὶ
1060 661 1082 750 ἡ
1105 662 1173 734 ὑπὸ

120 793 135 842 5
155 778 264 839 ΑΜΒ
289 769 355 856 ἄρα
377 774 417 858 τῇ
441 766 506 837 ὑπὸ
528 775 640 837 ΖΝΗ
654 771 744 837 ἐστιν
764 779 828 855 ἴση.
861 774 930 837 ἔστι
949 769 1061 837 δὲκαὶ
1081 769 1173 859 ὀρθὴ

154 875 175 964 ἡ
204 875 270 944 ὑπὸ
299 883 415 944 ΒΑΜ
437 873 526 962 ὀρθῇ
554 887 594 964 τῇ
618 872 683 943 ὑπὸ
708 881 820 942 ΗΖΝ
838 884 907 963 ἴση·
937 872 994 943 καὶ
1021 874 1042 963 ἡ
1071 874 1174 966 λοιπὴ

156 983 221 1072 ἄρα
239 988 279 1072 τῇ
300 985 398 1070 λοιπῇ
418 984 507 1049 ἐστιν
528 989 592 1068 ἴση.
630 980 811 1067 ίσογώνιον
830 981 896 1070 ἄρα
916 982 985 1052 ἐστὶ
1003 981 1040 1050 τὸ
1062 991 1180 1052 ΑΒΜ

155 1095 323 1178 τρίγωνον
345 1099 391 1179 τῷ
412 1094 522 1155 ΖΗΝ
535 1087 698 1180 τριγώνῳ.
735 1088 904 1175 ύνύλογον
927 1087 994 1176 ύρα
1017 1089 1109 1158 ἐστίν
1128 1087 1176 1171 ώς

155 1193 175 1282 ἡ
205 1203 284 1264 ΒΜ
306 1193 390 1282 πρὸς
416 1192 478 1280 τὴν
507 1201 596 1280 ΗΝ,
625 1193 730 1275 οὕτως
757 1195 777 1282 ἡ
806 1203 873 1262 ΒΑ
900 1195 984 1286 πρὸς
1009 1194 1072 1284 τὴν
1095 1204 1174 1265 ΗΖ.

104 1324 137 1374 10
156 1298 241 1368 ἀλλὰ
265 1311 327 1368 τοῦ
345 1298 406 1386 μὲν
429 1304 487 1386 τῆς
500 1307 580 1368 ΒΜ
593 1299 677 1388 πρὸς
694 1296 755 1388 τὴν
770 1308 848 1368 ΗΝ
862 1303 967 1388 λόγου
986 1306 1174 1373 διπλασίων

157 1406 248 1475 ἐστὶν
277 1404 294 1473 ὁ
323 1417 385 1473 τοῦ
413 1404 477 1474 ἀπὸ
506 1411 565 1493 τῆς
588 1414 667 1474 ΒΜ
690 1407 902 1495 τετραγώνου
930 1406 1012 1497 πρὸς
1039 1408 1078 1478 τὸ
1107 1407 1175 1479 ἀπὸ

156 1517 215 1599 τῆς
237 1519 315 1579 ΗΝ
337 1511 563 1601 τετράγωνον,
590 1516 652 1580 τοῦ
681 1512 719 1580 δὲ
741 1524 799 1601 τῆς
821 1522 888 1582 ΒΑ
914 1513 997 1602 πρὸς
1019 1513 1082 1603 την
1105 1524 1175 1585 ΗΖ

158 1623 343 1686 διπλασίων
367 1619 458 1687 ἐστὶν
482 1619 499 1685 ὁ
529 1622 591 1686 τού
613 1625 784 1687 ΑΒΓΔΕ
804 1620 1006 1707 πολυγώνου
1028 1621 1113 1711 πρὸς
1135 1623 1174 1692 τὸ

157 1730 331 1794 ΖΗΘΚΛ
358 1724 572 1812 πολύγωνον·
604 1725 659 1793 καὶ
691 1723 735 1806 ώς
762 1724 827 1814 ἄρα
854 1725 891 1794 τδ
920 1724 986 1796 ύπδ
1014 1732 1073 1815 τῆς
1099 1736 1181 1799 ΒΜ

106 1853 138 1903 ιο
157 1832 369 1918 τετράγωνον
392 1831 475 1922 πρὸς
496 1830 534 1899 τὸ
559 1829 624 1900 ιἰπδ
648 1836 706 1919 τῆς
724 1839 803 1900 ΗΝ
821 1832 1043 1921 τετράγωνον,
1068 1835 1177 1917 οὕτως

156 1937 194 2007 τὸ
213 1945 384 2008 ΑΒΓΔΕ
401 1936 601 2025 πολύγωνον
619 1937 701 2028 πρὸς
718 1938 756 2007 τὸ
773 1945 946 2008 ΖΗΘΚΛ
963 1939 1176 2027 πολύγωνον.

229 2044 275 2113 T&
309 2045 375 2133 ἄρα
407 2047 444 2112 ἐν
476 2057 546 2124 τοῖς
577 2044 713 2124 κύκλοις
745 2043 845 2133 ὅμοια
877 2045 1058 2132 πολύγωνα
1091 2047 1178 2134 πρὸς

158 2149 285 2238 ύλληλύ
315 2154 405 2219 ἐστιν
435 2150 479 2230 ώς
505 2149 545 2216 τὰ
573 2147 638 2219 ἀπὸ
667 2153 736 2218 τών
759 2153 947 2239 διαμέτρων
969 2152 1176 2240 τετράγωνα·

159 2255 241 2344 ὅπερ
265 2261 332 2324 ἔδει
357 2259 470 2338 δεῖξαι.

104 2454 139 2505 ιο
644 2435 689 2520 β’.

228 2559 276 2624 OC
301 2557 442 2627 κύκλοι
469 2559 569 2649 πρὸς
596 2557 793 2647 ἀλλήλους
822 2560 924 2628 είσῖν
953 2557 1002 2639 ώς
1028 2557 1072 2627 τὰ
1098 2558 1175 2630 ιἰπδ

158 2667 235 2732 τών
259 2666 481 2756 διαμέτρων
503 2668 738 2754 τετράγωνα.

217 2768 390 2840 Ἔστωσαν
421 2771 538 2840 κύκλοι
572 2775 608 2840 οἴ
637 2778 785 2858 ΑΒΓΔ,
819 2779 969 2858 ΕΖΗΘ,
1001 2771 1178 2861 διάμετροι

160 2876 198 2945 δὲ
221 2875 333 2946 αύτών
357 2883 534 2963 [ἔστωσαν]
559 2881 597 2945 αί
615 2887 698 2964 ΒΔ,
718 2886 790 2946 ΖΘ·
814 2880 915 2965 λέγω,
940 2876 991 2947 ὅτι
1015 2879 1107 2947 ἐστίν
1130 2877 1178 2961 ὡς

105 2981 178 3054 2ῡὸ
204 2988 336 3052 ΑΒΓΔ
358 2982 480 3063 κύκλος
501 2981 585 3073 πρὸς
607 2983 667 3052 τδν
690 2991 825 3053 ΕΖΗΘ
847 2987 983 3070 κύκλον,
1007 2985 1115 3066 οὕτως
1136 2984 1178 3054 τὸ

160 3113 373 3121 ————-—-

233 3186 255 3234 1.
275 3181 370 3251 ΖΗΛ]
392 3194 461 3235 corr.
481 3195 515 3233 ex
534 3178 667 3249 zsfflv,
687 3183 773 3233 κλει
788 3180 820 3249 Β,
841 3185 925 3235 ΗΖΛ
939 3201 969 3249 φ,
1029 3187 1055 3236 2.
1074 3180 1176 3253 ΖΑΗ]

159 3253 267 3305 ΖΗἊ·
281 3250 310 3303 F.
376 3257 400 3305 3.
421 3250 511 3320 Supra
529 3252 713 3320 περιφερείας
730 3269 767 3306 m.
785 3267 840 3308 τοο.
860 3252 923 3307 add.
943 3252 992 3321 τῆς
1010 3257 1060 3306 ΒΑ
1078 3251 1110 3305 Ρ.

158 3326 184 3374 4.
203 3319 254 3391 δέ]
274 3317 302 3375 δ’
323 3323 353 3376 P.
436 3326 460 3376 5.
479 3317 550 3393 ύπό]
568 3323 612 3377 bis
631 3322 664 3379 V.
744 3319 819 3377 ἔστιν
838 3323 868 3376 Β.
951 3330 974 3378 6.
994 3317 1025 3393 ἡ]
1045 3318 1176 3392 ἠγωνία

159 3386 225 3457 ἡΓ.
298 3391 434 3448 ABMF.
508 3394 566 3464 ἴση]
587 3411 639 3448 om.
659 3394 689 3448 Β.
762 3389 792 3464 ἡ]
812 3411 865 3448 om.
885 3410 912 3461 q.
993 3398 1123 3448 7.ΑΜΒ
1143 3393 1176 3450 Β.

244 3469 267 3516 9.
289 3464 452 3534 HZ]Hin
471 3480 525 3518 ras.
545 3465 666 3519 m.1P.
755 3470 796 3520 10.
812 3468 869 3518 ΜΒ
885 3465 918 3520 V.
1010 3464 1120 3588 12.δὲ
1140 3462 1176 3520 δὲ

159 3526 218 3586 ύπό
231 3533 262 3605 F,
278 3537 306 3588 et
320 3534 374 3590 del.
384 3529 442 3589 ἀπό
452 3533 486 3588 V.
542 3541 585 3592 24.
600 3534 737 3608 ἔστωσαν]
751 3554 808 3607 mg.
822 3536 922 3605 postea
936 3535 1001 3590 add.
1015 3552 1052 3590 m.
1068 3541 1082 3589 1
