2468 3952
388 218 662 272 ELEMENTORUM
679 219 788 270 LIBER
805 219 853 272 XI.
1082 217 1124 281 53

112 363 211 428 etiam
230 368 264 426 A
274 366 301 426 Z
324 360 621 445 perpendicularem
645 383 714 426 esse
732 362 773 426 ad
792 362 927 445 planum
946 363 1126 428 subiacens.

109 469 222 553 itaque
246 469 287 533 ab
312 468 423 534 eodem
446 471 566 552 puncto
586 472 620 530 Δ
638 468 680 532 ad
703 469 835 551 planum
855 468 1024 534 subiacens
1045 469 1126 533 duaa

110 579 218 640 rectae
242 573 281 639 ad
306 576 437 645 easdem
459 579 568 659 partes
589 574 871 658 perpendiculares
891 578 1016 638 erectae
1036 579 1126 658 sunt3

111 686 197 770 quod
219 684 290 751 fieri
307 705 375 749 non
392 687 501 767 potest
521 685 628 766 [prop.
647 681 750 762 X111].
787 682 895 766 itaque
915 703 935 744 a
954 685 987 743 A
1005 685 1125 764 puncto

110 792 200 857 nulla
228 795 318 857 recta
347 791 387 856 ad
414 791 547 874 planum
576 788 745 854 subiacens
767 787 1043 871 perpendicularis
1068 787 1127 851 eri-

111 901 207 982 getur
233 900 363 981 praeter
387 901 469 976 ΔΒ,
496 917 577 980 quae
605 894 785 960 communis
814 898 864 958 est
892 895 992 959 sectio
1015 894 1127 976 planc-

110 1025 182 1069 rum
206 1007 286 1087 ΑΒ,
310 1005 380 1066 ΒΓ.

177 1109 267 1194 Ergo
301 1109 329 1173 si
355 1109 419 1173 duo
447 1109 547 1192 plana
574 1108 659 1172 inter
689 1129 724 1172 se
753 1106 897 1172 secantia
926 1106 965 1170 ad
992 1107 1126 1190 planum

110 1216 245 1301 aliquod
267 1215 549 1300 perpendicularia
573 1218 661 1298 sunt,
689 1215 788 1279 etiam
812 1213 991 1279 communis
1016 1235 1126 1278 eorum

111 1323 212 1389 sectio
232 1322 273 1386 ad
291 1321 378 1386 idem
401 1322 535 1405 planum
557 1321 833 1405 perpendicularis
853 1321 928 1405 erit3
953 1321 1128 1405 quoderat

111 1427 414 1493 demonstrandum..

584 1548 655 1614 XX.
720 1554 724 1565 “

181 1656 215 1723 si
234 1658 372 1742 angulus
393 1658 515 1723 solidus
534 1656 639 1721 tribus
660 1658 789 1742 angulis
807 1658 914 1740 planis
933 1659 1128 1741 continetur,

111 1764 174 1830 duo
199 1764 336 1849 quilibet
358 1763 484 1848 reliquo
509 1763 648 1828 maiores
673 1767 767 1828 erunt
787 1764 1030 1847 quoquomodo
1051 1786 1124 1828 con·

110 1871 223 1935 iuncti.

177 1976 264 2041 Nam
288 1976 429 2061 angulus
448 1977 585 2061 solidus,
607 1976 662 2060 qui
681 1975 721 2040 ad
739 1981 773 2038 A
789 1976 916 2058 positus
936 1980 998 2059 eet,
1020 1976 1127 2039 tribus

502 2139 531 2195 Δ
701 2081 829 2166 angulis
869 2081 976 2166 planis
1017 2084 1127 2164 ΒΑΓ,

702 2191 818 2270 ΓΑΔ,
833 2193 903 2252 ΔΑ
913 2192 941 2251 Β
961 2189 1128 2252 continea-

701 2299 765 2360 tur.
814 2295 900 2379 dico,
929 2295 1009 2360 duos
1033 2317 1128 2378 quos-

700 2401 783 2465 libet
806 2403 1000 2486 angulorum
1021 2403 1129 2484 ΒΑΓ,

497 2511 523 2558 *x
702 2510 819 2591 ΓΑΔ,
862 2513 965 2572 ΔΑΒ
1002 2507 1129 2590 reliquo

121 2601 151 2654 Β
260 2625 555 2638 .-..-..-..-,.

549 2641 576 2693 Ε
634 2642 663 2697 1¹
705 2615 842 2680 maiores
888 2637 959 2680 esse
999 2635 1129 2697 quoquo

700 2721 800 2786 modo
824 2722 1022 2787 coniunctos.

178 2823 243 2887 iam
262 2823 290 2887 si
310 2825 424 2907 anguli
442 2827 555 2906 ΒΑΓ,
573 2827 695 2908 ΓΑΔ,
710 2831 814 2891 ΔΑΒ
828 2826 914 2891 inter
929 2849 962 2891 se
978 2826 1129 2911 aequales

115 2932 200 3012 sunt,
225 2929 367 3013 adparet,
389 2929 471 2994 duos
495 2930 658 3014 quoslibet
680 2933 804 3016 reliquo
829 2933 968 2998 maiores
988 2953 1067 2997 esse.
1099 2931 1129 2997 si

110 3035 227 3117 minus,
241 3035 377 3120 maiore
392 3037 435 3101 sit
449 3042 470 3111 L
485 3040 593 3121 ΒΑΓ,
608 3043 641 3101 et
656 3038 696 3116 ad
711 3041 832 3102 rectam
847 3042 912 3102 AB
926 3041 959 3101 et
973 3041 1127 3120 punctum

110 3140 179 3205 eius
211 3146 244 3205 A
275 3141 310 3204 in
341 3142 437 3222 plano
469 3146 631 3207 rectarum
654 3148 735 3226 ΒΑ,
768 3146 837 3208 ΑΓ
874 3145 995 3227 angulo
1026 3148 1131 3208 ΔΑΒ

184 3298 210 3366 1)
236 3295 278 3380 Sc.
304 3297 407 3366 angulo
431 3303 520 3353 ΔΑΒ.
566 3316 657 3367 neque
686 3301 760 3356 enim
784 3318 896 3356 necesse
920 3303 976 3371 est,
1005 3301 1129 3356 omnium

110 3384 174 3421 eum
194 3383 347 3421 mannum
366 3384 435 3422 esse.

110 3493 145 3546 V.
237 3491 323 3564 εἰσίν]
343 3509 398 3548 om.
416 3494 449 3549 V.
542 3501 583 3549 22.
604 3495 658 3550 εἰσι
680 3496 710 3560 V,
733 3467 828 3567 comp.
848 3497 878 3550 F.
971 3503 1011 3552 24.
1033 3497 1130 3568 ΔΑΒ]

110 3568 165 3618 ΔΑ
172 3567 200 3617 Γ
215 3563 249 3617 Ρ.
332 3559 377 3636 ἐν]
397 3582 450 3620 om.
470 3565 502 3635 Β,
522 3583 607 3635 supra
626 3583 677 3620 scr.
696 3566 730 3620 V.
