2468 3952
161 205 224 269 176
533 203 734 256 ΣυοιΧΕιαιι
753 197 803 272 ιβ’.

160 345 198 414 δὲ
225 345 263 414 τὸ
287 352 320 414 Γ
344 357 499 432 σημεῖον,
529 350 642 433 τρίτον
667 347 801 432 ἐδείχθη
824 356 887 414 τοῦ
910 351 1113 433 πρίσματος,
1142 334 1181 413 οὗ

159 453 257 538 βάσις
283 449 321 519 τὸ
349 457 453 519 ΑΒΓ
475 456 658 540 τρίγωνον,
691 450 894 519 ἀπεναντίον
923 450 960 520 δὲ
991 450 1030 519 τὸ
1062 459 1180 538 ΔΕΖ,

159 559 215 626 καὶ
238 555 259 645 ἡ
283 558 429 647 πυραμὶς
452 555 527 645 ἀρα,
555 548 595 644 ἧς
617 558 715 644 βάσις
737 556 775 624 τὸ
800 562 904 624 ΑΒΓ
921 563 1105 646 τρίγωνον,
1128 584 1181 627 ιιο

160 663 251 753 ρυφὴ
285 663 323 732 δὲ
352 663 389 733 τὸ
421 672 454 731 Δ
482 677 636 751 σημεῖον,
668 670 782 750 τρίτον
811 664 879 732 ἐστὶ
908 668 968 732 τοῦ
996 670 1181 752 πρίσματος

125 774 221 838 στοῦ
258 775 393 857 ἔχοντος
429 769 530 856 βάσιν
562 768 625 856 τὴν
658 767 765 857 αὐτὴν
796 768 835 837 τδ
869 776 974 838 ΑΒΓ
1000 774 1181 858 τρίγωνον,

161 874 364 944 ἀπεναντίον
387 875 425 943 δὲ
447 874 484 943 τὸ
509 882 621 945 ΔΕΖ.

572 1070 766 1157 Πόρισμα.

225 1192 280 1261 Ἐκ
304 1192 346 1280 δὴ
370 1192 493 1262 τούτου
517 1190 682 1282 φανερόν,
712 1191 763 1261 ὅτι
786 1197 877 1260 πάσα
899 1193 1044 1281 πυραμὶς
1067 1197 1182 1281 τρίτον

161 1301 260 1388 μέρος
279 1302 348 1368 ἐστὶ
366 1312 427 1368 τοῦ
447 1305 630 1386 πρίσματος
649 1303 709 1367 τοῦ
728 1297 790 1385 τὴν
808 1296 914 1386 αὐτὴν
929 1296 1030 1385 βάσιν
1046 1303 1183 1385 ἔχοντος

110 1424 143 1473 10
162 1401 245 1492 αὐτῇ
273 1407 329 1472 καί
356 1403 442 1487 ὕψος
470 1415 546 1474 ίσον
575 1404 766 1493 [ἐπειδήπερ
789 1401 853 1473 κάν
876 1403 992 1494 ἕτερόν
1014 1431 1047 1472 τι
1070 1411 1182 1494 σχῆμα

163 1509 404 1599 εὐθύγραμμον
427 1515 484 1599 ἔχῃ
507 1508 529 1598 ἡ
553 1510 649 1597 βάσις
671 1522 734 1579 τοῦ
752 1517 947 1599 πρίσματος,
970 1515 1106 1580 τοιοῦτο
1126 1513 1183 1580 καί

161 1615 198 1685 τὸ
229 1613 445 1702 ἀπεναντίον,
473 1616 529 1683 καὶ
558 1620 734 1705 διαιρεῖται
763 1621 809 1697 είς
837 1621 1005 1705 πρίσματα
1031 1622 1183 1705 τρίγωνα

162 1728 279 1811 ἔχοντα
306 1720 364 1803 τὰς
392 1721 505 1809 βάσεις
532 1721 586 1789 καί
614 1721 654 1790 τδι
677 1723 894 1809 ἀπεναντίον,
923 1725 979 1792 καὶ
1002 1721 1048 1804 ἀς
1071 1722 1093 1812 ἡ
1119 1724 1180 1814 ὅλη

161 1830 258 1916 βάσις
280 1827 362 1917 πρὸς
386 1831 554 1912 ἕιιαστον]·
578 1826 659 1916 ὅπερ
684 1833 751 1898 ἔδει
775 1831 888 1911 δείξαι.

111 2062 142 2111 15
648 2041 692 2128 η’.

228 2168 281 2232 Αί
298 2163 441 2251 ὅμοιαι
459 2128 678 2252 ιδυραμίδες
695 2168 760 2234 καὶ
778 2166 998 2254 τριγώνους
1017 2172 1184 2255 ἔχουσαι

162 2269 297 2357 βάσεις
329 2273 371 2339 ἐν
401 2277 662 2358 τριπλασίονι
694 2271 796 2363 λόγῳ
828 2274 906 2341 είσί
932 2277 1011 2342 τῶν
1039 2271 1184 2362 ὁμολό·

161 2403 244 2462 γαν
266 2380 456 2463 πλευρῶν.

97 2521 99 2525 .
220 2481 403 2551 Ἔστωσαν
431 2481 545 2569 ὅμοιαι
572 2485 628 2551 καὶ
656 2482 781 2571 ὁμοίως
808 2490 957 2572 κείμεναι
985 2491 1183 2574 πυραμίδες,

110 2610 143 2659 20
163 2580 212 2657 ὦν
236 2589 350 2675 βάσεις
368 2591 429 2678 μέν
449 2593 513 2658 είσι
530 2588 570 2657 τά
591 2598 655 2658 ΑΒ
663 2596 706 2676 Γ,
731 2598 833 2658 ΔΕΖ
850 2597 1009 2680 τρίγωνα,
1033 2596 1184 2682 κορυφαὶ

163 2694 201 2762 δὲ
232 2693 272 2762 τά
300 2702 349 2781 Η,
383 2704 412 2764 Θ
439 2709 573 2784 σημεῖα·
606 2698 706 2783 λέγω,
740 2695 791 2764 ὅτι
819 2694 840 2783 ἡ
869 2703 1012 2766 ΑΒΓΗ
1034 2701 1184 2788 πυραμὶς

163 2798 246 2888 πρὸς
276 2801 339 2887 τὴν
368 2811 504 2871 ΔΕΖΘ
530 2807 702 2891 πυραμίδα
730 2808 949 2889 τριπλασίονα
976 2803 1081 2890 λόγον
1113 2811 1183 2894 ἔχει

162 2906 246 2995 ἤπερ
269 2906 290 2995 ἡ
315 2914 381 2976 ΒΓ
399 2911 482 2997 πρὸς
504 2907 567 2995 τὴν
591 2917 661 2976 ΕΖ.

236 3111 260 3158 1.
299 3101 361 3167 άσις
381 3103 439 3160 ἐστὶ
456 3101 489 3159 τὸ
510 3104 543 3161 V.
599 3111 624 3159 3.
644 3099 674 3246 ἦρ
695 3121 748 3159 om.
768 3103 801 3160 V.
863 3111 887 3159 ὅ.
906 3101 1125 3179 τοῦ-αὐτήν]
1147 3098 1183 3163 οὗ

165 3172 245 3246 βάσις
290 3217 296 3231 .
353 3181 395 3230 11.
414 3173 432 3244 ἡ
452 3207 491 3263 -Ι
505 3177 657 3263 πρίσματος
692 3171 774 3248 βάσιν
792 3173 824 3231 τὸ
844 3179 955 3265 πρίσμα
969 3194 995 3266 ρ.
1033 3179 1180 3263 ymmo]

166 3263 219 3301 om.
239 3246 323 3316 BVq.
398 3252 440 3301 12.
459 3247 504 3318 το]
524 3266 556 3301 τε
576 3266 647 3301 αυτο
665 3246 712 3316 Bq
732 3249 760 3302 et
778 3264 847 3303 corr.
867 3265 902 3301 ex
919 3268 990 3303 αυτο
1008 3267 1040 3302 το
1060 3247 1095 3304 V.

163 3317 229 3388 καί]
249 3334 302 3373 om.
322 3317 407 3387 BVq.
463 3314 630 3405 τριγώνους,
648 3337 713 3405 -ους
732 3335 747 3372 e
766 3334 834 3374 corr.
854 3337 891 3374 m.
911 3324 926 3407 3
946 3320 979 3376 V.
1054 3325 1097 3375 13.
1117 3315 1171 3385 τάς

142 3440 145 3444 ’
164 3404 218 3512 δά.
238 3390 477 3529 (διιεοηκίδδιῗςῗ
497 3389 759 3515 q‘17.{⁶}‘⁶]tvwfissq‘
795 3391 939 3533 εάῗίάάἷ
956 3422 991 3530 εἷ,
1008 3391 1186 3521 ἀδπάεδῖαδ.

235 3526 347 3599 κορυφή
367 3530 396 3595 Β,
417 3546 485 3584 corr.
505 3547 541 3585 m.
563 3536 586 3584 1.
660 3537 703 3586 21.
723 3528 767 3603 δέ]
788 3528 819 3586 δὲ
839 3529 934 3586 αὐτῶν
954 3529 1023 3587 ἔστω
1042 3534 1077 3589 V.

81 3656 131 3720 k
