2468 3952
154 210 197 272 32
519 209 721 261 Σοοωιοιοα
740 201 794 261 ια’.

637 347 695 417 ια’.

217 473 304 544 Ἀπδ
342 479 410 542 τοῦ
449 475 642 553 δοθέντος
676 477 843 560 σημείου
876 469 1077 558 μετεώρου
1110 470 1176 538 ἐπὶ

154 580 195 648 τὸ
225 580 348 649 δοθέν
377 583 565 649 ἐπίπεδον
593 579 764 647 κάθετον
792 575 959 646 εὐθεῖαν
986 574 1176 664 γραμμὴν

154 685 333 772 ἀγαγεῖν.

118 812 134 860 ο
212 790 321 860 Ἔστω
349 791 387 861 τὸ
416 792 478 880 μὲν
507 791 613 860 δοθὲν
642 805 780 879 σημεῖον
808 792 975 878 μετέωρον
998 788 1036 858 τὸ
1060 799 1107 876 A,
1137 787 1175 858 τὸ

156 898 193 966 δὲ
224 898 331 967 δοθὲν
359 901 516 966 ἐπίπεδον
544 897 581 966 τὸ
611 896 848 985 ὑποκείμενον·
877 902 930 965 δεῖ
956 895 998 984 δῆ
1022 895 1088 964 ἀπὸ
1113 900 1176 965 τοῦ

154 1013 186 1071 A
210 1011 350 1091 σημείου
377 1006 430 1073 ἐπὶ
457 1002 495 1071 τὸ
524 1002 747 1092 ὑποκείμενου
771 1007 929 1072 ἐπίπεδον
951 1003 1099 1072 κοίθετον
1123 999 1175 1072 εὐ-

154 1120 256 1179 θεῖαν
279 1109 435 1199 γραμμὴν
459 1109 606 1197 ἀγαγεῖν.

223 1217 367 1303 Διήχθω
386 1216 451 1304 γάρ
469 1242 520 1295 τις
539 1219 639 1307 ἐντῷ
658 1214 867 1308 ὑποκειμένῳ
886 1218 1030 1308 ἐπιπέδῳ
1045 1211 1174 1300 εὐθεῖα,

103 1341 136 1389 10
157 1320 202 1402 ὡς
226 1327 353 1407 ἔτυχεν,
381 1319 401 1409 ἤ
425 1329 499 1408 ΒΓ,
527 1322 583 1388 καὶ
611 1319 706 1409 ἤχθω
731 1320 795 1389 ἀπὸ
819 1325 881 1389 τοῦ
904 1332 936 1389 A
959 1327 1099 1409 σημείου
1122 1321 1176 1389 ἐπὶ

153 1426 218 1514 τὴν
242 1433 308 1494 ΒΓ
333 1426 476 1506 κάθετος
503 1423 524 1514 ἤ
548 1434 627 1494 ΑΔ.
665 1431 696 1494 εί
718 1426 780 1514 μὲν
804 1419 868 1494 οὖν
891 1424 912 1513 ἤ
936 1436 1007 1494 ΑΔ
1030 1426 1175 1507 κάθετός

155 1537 224 1601 ἐστι
247 1533 302 1600 καὶ
327 1532 380 1601 ἐπὶ
402 1530 441 1600 τὸ
464 1530 687 1619 ὑποκείμενον
708 1536 876 1618 ἐπίπεδον,
900 1530 1041 1619 γεγονὸς
1058 1529 1103 1601 ἂν
1122 1541 1173 1620 είη

154 1639 192 1706 τὸ
221 1641 410 1726 ἐπιταχθέν.
462 1642 493 1706 εί
520 1639 557 1706 δὲ
586 1636 642 1722 οὔ,
673 1637 769 1725 ἤχθω
798 1636 864 1707 ἀπὸ
891 1642 954 1706 τοῦ
977 1647 1010 1705 Δ
1034 1643 1175 1726 σημείου

154 1749 194 1834 τῇ
209 1751 275 1812 ΒΓ
295 1748 331 1813 ἐν
355 1749 400 1836 τῷ
424 1743 631 1836 ὑποκειμένῳ
656 1746 800 1836 ἐπιπέδῳ
820 1743 905 1832 πρὸς
923 1741 1032 1832 ὀρθὰς
1050 1742 1071 1831 ἤ
1091 1753 1174 1830 ΑΒ,

103 1870 136 1919 15
155 1852 211 1919 καὶ
238 1851 333 1939 ἤχθω
363 1848 430 1920 ἀπὸ
458 1854 519 1919 τοῦ
546 1862 578 1919 A
607 1851 659 1919 ἐπὶ
687 1850 750 1937 τὴν
780 1858 850 1918 ΔΕ
874 1850 1017 1930 κάθετος
1044 1848 1064 1937 ἤ
1093 1859 1175 1938 ΑΖ,

154 1959 210 2026 καί
229 1957 286 2027 διὰ
305 1961 366 2026 τοῦ
382 1965 409 2024 Ζ
429 1963 569 2045 σημείου
587 1967 627 2046 τῇ
642 1963 709 2025 ΒΓ
722 1956 934 2043 παράλληλος
947 1955 1045 2044 ἤχθω
1060 1954 1080 2043 ἤ
1096 1964 1136 2025 Η
1138 1965 1174 2025 Θ.

223 2067 292 2132 Καὶ
317 2066 386 2132 ἐπεὶ
409 2063 429 2150 ἤ
454 2071 521 2132 ΒΓ
547 2065 684 2153 ἑκατέρῳ
714 2074 782 2132 τῶν
813 2070 897 2149 ΔΑ,
920 2071 991 2131 ΔΕ
1010 2061 1095 2152 πρὸς
1120 2062 1175 2152 ὀρ-

155 2169 222 2248 θάς
245 2171 346 2253 ἐστιν,
370 2167 390 2255 ἤ
410 2173 477 2236 ΒΓ
496 2168 561 2256 ἄρα
584 2169 640 2235 καὶ
663 2173 708 2259 τῷ
729 2169 785 2236 διὰ
808 2173 876 2236 τῶν
901 2177 1006 2236 ΕΔΑ
1029 2171 1173 2259 ἐπιπέδῳ

47 2331 50 2338 .
155 2273 239 2361 πρὸς
276 2270 384 2359 ὀρθάς
416 2275 515 2341 ἐστιν.
572 2278 630 2340 καί
661 2276 750 2341 ἐστιν
788 2272 872 2363 αὐτῇ
906 2274 1117 2363 παράλληλος
1152 2273 1174 2362 ἤ

102 2399 137 2447 20
156 2388 237 2449 ΗΘ·
266 2380 326 2448 ἐὰν
354 2379 392 2447 δέ
420 2371 482 2448 οἷσι
511 2378 574 2447 δύο
599 2377 732 2447 εὐθεῖαι
755 2381 978 2468 παράλληλοι,
1009 2379 1029 2467 ἤ
1053 2381 1091 2449 δέ
1114 2388 1175 2469 μία

157 2486 269 2556 αὐτῶν
297 2486 440 2575 ἐπιπέδῳ
468 2485 536 2553 τινὶ
564 2484 648 2573 πρὸς
677 2482 785 2574 ὀρθὰς
812 2479 848 2575 ἤ,
875 2485 932 2553 καὶ
959 2483 980 2571 ἤ
1005 2485 1103 2573 λοιπῆ
1127 2493 1173 2579 τῷ

157 2592 246 2683 αὐτῷ
275 2593 418 2682 ἐπιπέδῳ
446 2590 529 2680 πρὸς
560 2589 668 2678 ὀρθὰς
691 2597 796 2660 ἔσται·
823 2593 879 2659 καὶ
903 2589 923 2678 ἤ
948 2597 1016 2659 ΗΘ
1038 2589 1105 2679 ἄρα
1127 2597 1174 2684 τῷ

156 2697 213 2767 διὰ
241 2703 310 2767 τῶν
338 2706 423 2783 ΕΔ,
454 2707 522 2765 ΔΑ
552 2699 694 2789 ἐπιπέδῳ
722 2696 805 2785 πρὸς
833 2696 940 2786 ὀρθάς
967 2700 1067 2765 ἐστιν.
1117 2699 1175 2768 καὶ

155 2803 239 2893 πρὸς
271 2803 380 2883 παίσας
412 2802 478 2890 ἄρα
505 2801 565 2883 τὰς
597 2800 784 2891 ἁπτομένας
815 2801 917 2890 αὐτῆς
950 2800 1086 2883 εὐθείας
1117 2805 1174 2872 καὶ

101 2928 136 2977 25
157 2908 260 2990 οὔσας
288 2913 325 2978 ἐν
352 2914 397 3002 τῷ
427 2908 484 2977 διὰ
508 2913 577 2978 τῶν
595 2918 679 2996 ΕΔ,
708 2921 778 2979 ΔΑ
797 2912 944 3002 ἐπιπέδῳ
969 2909 1058 2999 ὀρθῆ
1083 2913 1175 2979 ἐστιν

155 3017 176 3105 ἤ
203 3023 279 3085 ΗΘ.
334 3015 470 3085 ἅπτεται
507 3017 545 3085 δδ
578 3015 681 3104 αὐτῆς
713 3016 733 3104 ἤ
763 3025 830 3085 AZ
863 3008 948 3085 οὖσα
978 3019 1014 3084 ἐν
1041 3021 1086 3108 τῷ
1116 3017 1173 3086 διὰ

228 3252 254 3298 2.
274 3245 415 3314 μετέωρον
435 3267 456 3314 φ
476 3249 544 3315 (non
561 3247 608 3315 F),
627 3244 834 3316 μετεωροτέρου
852 3246 880 3301 b.
973 3253 997 3301 3.
1018 3244 1121 3318 δοθέν]
1141 3247 1173 3312 Ρ,

155 3313 478 3384 ὑποκείμενονΒΓἮ),
497 3317 680 3387 Ρωμιιῌ.
755 3323 779 3371 9.
794 3314 862 3389 γάρ]
883 3335 936 3372 om.
947 3318 981 3374 V.
1056 3313 1171 3389 εὐθεῖα]

156 3387 256 3454 postea
273 3386 325 3440 ins.
344 3386 374 3442 F.
449 3393 491 3443 10.
511 3393 561 3442 ΓΒ
580 3387 609 3443 F.
692 3393 733 3444 12.
754 3383 812 3442 ἐστι
831 3389 895 3460 καί]
916 3384 991 3443 ἐστιν
1011 3407 1025 3444 ο
1046 3404 1115 3446 corr.
1135 3408 1171 3444 m.

156 3454 221 3511 21⁴¹.
296 3453 359 3530 ἐπί]
378 3475 431 3513 om.
447 3460 474 3514 b.
547 3455 682 3584 2¹⁸2»on
696 3476 765 3513 eras.
780 3458 814 3515 V.
890 3466 930 3514 13.
951 3456 995 3532 τό]
1015 3477 1170 3531 suprascr.

156 3526 186 3580 Β.
250 3525 304 3598 δέ]
324 3545 477 3598 suprascr.
498 3530 531 3584 V.
606 3535 647 3584 17.
683 3532 764 3599 πίω.

81 3646 165 3712 λ
