2468 3952
499 213 681 264 APPENDIX
699 213 734 264 Π.
1058 206 1122 271 397

105 358 269 442 πυραμίδι
291 359 466 440 πρίσματα.
503 357 594 420 ἔσται
618 351 684 440 ἀρα
708 351 753 432 ὡς
776 355 813 420 ἓν
836 355 905 419 τῶν
922 346 1123 436 ἡγουμένων

106 458 193 548 πρὸς
225 463 262 527 ἓν
294 463 361 528 τῶν
394 458 582 544 ἑπομένων,
615 455 746 526 ἅπαντα
773 457 814 525 τά
843 456 1014 543 ἡγούμενα
1041 455 1124 541 πρὸς

108 563 240 632 ἅπαντα
272 563 312 633 τά
347 563 501 652 ἑπόμενα.
548 568 638 632 ἔστιν
671 561 736 652 ἀρα
769 561 814 643 ὡς
845 559 866 648 ή
896 567 1000 629 ΑΒΓ
1027 560 1124 646 βάσις

105 670 191 759 πρὸς
213 669 274 757 τήν
294 673 407 748 ΜΝΞ
424 671 540 755 βάσιν,
565 667 671 749 οὕτως
693 669 733 739 τὰ
753 672 790 737 ἐν
812 672 852 757 τῃ
872 674 1005 735 ΑΒΓΔ
1023 691 1124 755 πυρα-

109 782 182 864 μίδι
206 783 372 864 πρίσματα
395 773 480 863 πρὸς
500 774 541 842 τὰ
566 777 603 843 ἐν
625 779 664 864 τή
689 778 831 851 ΜΝΞΟ
849 778 1011 862 πυραμίδι
1030 779 1123 861 πρίσ-

105 910 194 970 ματα
217 887 326 951 πάντα
349 885 528 970 ἰσοπληθῆ.

174 1100 222 1163 Αί
246 1094 312 1164 ὑπὸ
341 1095 378 1164 τὸ
408 1094 489 1164 αὐτὸ
518 1095 604 1177 ὕψος
632 1089 732 1164 οὖσαι
763 1099 947 1182 πυραμίδες
974 1093 1029 1160 καὶ
1057 1113 1159 1181 τρι-5

107 1202 241 1289 γάνους
259 1207 395 1289 ε”χουσαι
410 1203 524 1287 βάσεις
537 1200 620 1289 πρὸς
634 1200 779 1288 ἀλλήλας
793 1201 879 1269 είσὶν
894 1198 939 1279 ὡς
953 1203 991 1266 αί
1001 1198 1124 1286 βάσεις.

176 1314 326 1376 ἔστωσαν
352 1305 417 1376 ὑπὸ
446 1308 483 1376 τὸ
513 1307 594 1376 αὐτὸ
626 1307 712 1389 ὕψος
734 1311 917 1397 πυραμίδες
939 1305 1125 1394 τριγώνους

108 1420 244 1502 ἔχουσαι
267 1414 381 1500 βάσεις
399 1417 458 1494 τὰς
477 1421 585 1500 ΑΒΓ,
609 1417 723 1492 ΜΝΞ
739 1419 941 1498 αίΑΒΓΔ,
965 1415 1124 1496 ΜΝΞΟ,

107 1521 258 1611 κορυφὰς
283 1520 321 1588 δὲ
343 1520 384 1588 τὰ
408 1531 456 1606 Δ,
487 1528 665 1608 Οσημεῖα.
712 1523 812 1607 λέγω,
841 1519 891 1588 ὅτι
921 1520 1011 1588 ἐστὶν
1035 1516 1123 1604 άςή

109 1633 214 1695 ΑΒΓ
230 1627 328 1713 βάσις
350 1625 433 1714 πρὸς
455 1625 518 1714 τήν
542 1629 656 1705 ΜΝΞ
676 1626 792 1712 βάσιν,
817 1625 923 1706 οὕτως
945 1623 966 1710 ή
991 1630 1125 1692 ΑΒΓΔ

109 1733 255 1820 πυραμὶς
277 1730 360 1820 πρὸς
382 1731 444 1818 τήν
469 1735 614 1810 ΜΝΞΟ
636 1737 817 1821 πυραμίδα.

176 1843 207 1906 εί
229 1842 292 1925 γὰρ
316 1839 360 1925 μή
385 1841 475 1907 ἐστιν
494 1837 538 1919 ὡς
557 1838 577 1926 ἡ
597 1846 703 1908 ΑΒΓ
715 1840 813 1926 βάσις
831 1836 915 1926 πρὸς
932 1835 995 1923 τήν
1015 1838 1128 1912 ΜΝΞ

109 1945 225 2032 βάσιν,
259 1944 365 2026 οὕτως
392 1943 413 2032 ἡ
441 1953 575 2014 ΑΒΓΔ
605 1946 751 2034 πυραμὶς
778 1943 861 2033 πρὸς
887 1941 949 2030 τήν
977 1946 1125 2019 ΜΝΞΟ

109 2055 293 2139 πυραμίδα,
312 2057 404 2119 ἔσται
423 2050 489 2141 ἀρα
508 2053 553 2133 ὡς
570 2049 591 2138 ή
606 2059 709 2120 ΑΒΓ
722 2051 820 2139 βάσις
837 2048 920 2136 πρὸς
937 2047 998 2137 τήν
1013 2051 1127 2125 ΜΝΞ

110 2157 222 2242 βάσιν,
248 2155 354 2237 οὕτως
377 2155 397 2244 ή
418 2165 550 2225 ΑΒΓΔ
573 2159 718 2246 πυραμὶς
740 2157 815 2244 ήτοι
838 2154 920 2242 πρὸς
938 2157 1075 2223 ἔλαττόν
1093 2179 1123 2222 τι

109 2267 168 2349 τής
191 2267 338 2340 ΜΝΞΟ
365 2268 552 2351 πυραμίδος
575 2262 711 2351 στερεὸν
734 2259 755 2350 ή
779 2266 863 2350 πρὸς
886 2268 1005 2349 μεῖξον.
1041 2265 1123 2329 ἔστω

108 2366 190 2454 πρὸς
210 2375 346 2437 ἔλαττον
364 2369 401 2439 τὸ
422 2376 470 2455 Ω,
489 2368 544 2436 καὶ
563 2373 602 2457 τῃ
622 2376 704 2436 ΜΝ
705 2371 767 2445 ΞΟ
784 2373 947 2454 πυραμίδι
966 2375 1021 2436 ίσα
1041 2373 1124 2437 ἔστω

108 2474 149 2542 τὰ
169 2482 216 2560 Ω,
241 2484 275 2542 Χ
294 2480 409 2562 χωρία,
433 2475 488 2542 καὶ
512 2473 688 2564 διῃρήσθω
708 2473 728 2562 ή
748 2478 894 2552 ΜΝΞΟ
911 2478 1055 2565 πυραμὶς
1078 2483 1125 2556 είς

109 2608 143 2650 τε
172 2581 235 2650 δύο
263 2585 452 2670 πυραμίδας
479 2589 553 2662 ίσας
579 2580 739 2669 ἀλλήλαις
765 2583 821 2649 καὶ
850 2579 968 2669 ὁμοίας
994 2586 1034 2670 τῃ
1063 2579 1123 2669 ὅλῃ

109 2688 165 2754 καὶ
190 2692 236 2768 είς
260 2687 322 2755 δύο
345 2693 520 2773 πρίσματα.
563 2692 695 2775 μείζονα
718 2686 783 2775 ἀρα
807 2687 876 2754 ἐστὶ
898 2685 939 2754 τά
958 2693 1124 2773 πρίσματα

101 2798 167 2881 ,τής
201 2792 280 2880 ὅλης
309 2798 495 2880 πυραμίδος
522 2791 543 2880 ή
571 2792 609 2862 τὸ
636 2795 748 2881 ήμισυ.
793 2794 969 2881 τέμνοντες
996 2795 1038 2878 δή
1066 2792 1126 2871 τὰς

108 2898 371 2986 ὑπολειπομένας
397 2904 589 2987 πυραμίδας
616 2908 662 2980 είς
689 2927 724 2969 τε
752 2900 814 2968 δύο
837 2903 1028 2989 πυραμίδας
1051 2906 1125 2978 ίσας

109 3004 267 3093 ἀλλήλαις
299 3007 355 3074 καὶ
389 3007 506 3093 ὁμοίας
537 3011 577 3096 τῃ
611 3005 671 3096 ὅλῃ
704 3007 759 3075 καὶ
790 3012 837 3086 είς
865 3005 928 3074 δύο
956 3011 1124 3094 πρίσματα

111 3121 167 3180 ίσα
204 3113 354 3200 λήψομέν
387 3139 480 3192 τινας
512 3118 701 3201 πυραμίδας
728 3112 792 3182 ἀπὸ
820 3118 879 3200 τῆς
910 3114 990 3198 ὅλης
1023 3136 1124 3197 πυρα-

109 3224 216 3305 μίδος,
241 3223 278 3285 αἳ
295 3223 428 3285 ἔσονται
448 3217 626 3299 ἐλάσσονες
643 3223 704 3287 τοῦ
724 3227 758 3286 Χ
773 3224 918 3307 στερεοῦ.
949 3217 1123 3305 λελήφθω-

110 3344 173 3391 σαν
196 3325 252 3391 καὶ
276 3329 424 3393 έστωσαν
448 3328 485 3391 αί
502 3332 664 3410 ΜΠΣΡ,
692 3332 797 3393 Tro,
840 3328 908 3394 ἐπεὶ
933 3317 996 3394 οὖν
1019 3321 1039 3410 ή
1063 3347 1123 3391 πυ-

111 3430 208 3515 ραμὶς
242 3439 296 3517 ίση
330 3431 398 3497 ἐστὶ
430 3444 500 3510 τοῖς
532 3444 677 3519 στερεοῖς
709 3435 756 3510 είς
782 3429 823 3497 τὰ
853 3430 1124 3518 καταλελημμένα

110 3533 328 3622 ἀποτμήματα
355 3535 521 3605 ἐλάσσονά
549 3543 613 3606 είσι
640 3541 701 3606 τοῦ
724 3546 762 3606 Χ.
812 3536 910 3606 λοιπὰ
934 3536 1000 3626 ἀρα
1022 3536 1062 3605 τά
1087 3539 1124 3606 έν
