2468 3952
680 544 689 568 Ι

635 576 671 616 ια
692 605 698 618 .

605 696 720 781 Ὅροι.

226 837 269 905 α’.
302 837 476 926 Στερεόν
500 841 568 906 ἐστι
591 836 629 906 τὸ
651 840 755 923 μῆκος
773 837 828 904 καὶ
847 837 971 918 πλιίτος
989 837 1044 904 καὶ
1064 840 1174 922 βάθος

159 949 246 1031 έχον.
1099 947 1102 954 ’

225 1049 268 1135 β’.
302 1053 449 1138 Στερεοῦ
473 1049 511 1118 δὲ
534 1051 635 1138 πέρας
659 1048 845 1136 ἐπιφάνεια.

123 1175 139 1226 ο
224 1153 268 1241 γ’.
303 1152 455 1223 Εὐθεῖα
482 1153 579 1244 πρὸς
607 1157 803 1223 ἐπίπεδον
828 1151 932 1242 ὀρθή
961 1158 1062 1241 ἐστιν,
1091 1157 1173 1225 ὅταν

158 1259 240 1346 πρὸς
266 1260 374 1342 παίσας
400 1259 459 1342 τδις
486 1258 674 1346 ἁπτομένας
702 1257 805 1346 αὐτῆς
832 1258 968 1341 εὐθείας
990 1262 1046 1327 καὶ
1070 1261 1173 1343 οὔσας

158 1370 194 1435 έν
217 1371 263 1460 τῷ
288 1365 522 1460 [ὑποκειμένῳ]
547 1353 689 1458 ἐπιπέδῳ
714 1363 822 1454 ὀρθδις
845 1369 924 1454 ποιῇ
947 1373 1081 1453 γωνίας.

224 1473 267 1542 δ’.
310 1471 521 1541 Ἐπίπεδον
551 1471 649 1561 πρὸς
686 1473 875 1541 ἐπίπεδον
908 1471 1037 1561 ὀρθόν
1070 1476 1171 1558 ἐστιν,

157 1578 239 1648 ὅταν
263 1583 300 1646 αί
315 1583 354 1668 τῇ
372 1583 470 1668 κοινῇ
489 1583 572 1668 τομῇ
593 1578 661 1668 τῶν
681 1580 846 1647 ἐπιπέδων
865 1577 948 1667 πρὸς
967 1577 1075 1667 ὀρθδις
1094 1577 1171 1666 ιἰγό-

104 1707 137 1757 10
156 1713 254 1774 μεναι
277 1683 408 1764 εὐθεῖαι
431 1689 468 1754 ἐν
492 1686 543 1754 ἑνὶ
565 1690 634 1754 τῶν
654 1688 818 1755 ἐπιπέδων
836 1689 882 1778 τῷ
902 1690 1007 1778 λοιπῷ
1028 1687 1170 1777 ἐπιπέδῳ

156 1792 239 1881 πρὸς
262 1789 370 1880 ὀρθδις
393 1784 485 1862 ὦσιν.

222 1898 260 1968 ε’.
294 1896 470 1979 Εὐθείας
493 1899 589 1985 πρὸς
608 1902 795 1967 ἐπίπεδον
814 1904 944 1979 κλίσις
963 1900 1064 1983 ἐστίν,
1089 1895 1170 1966 ὅταν

155 2003 220 2073 ἀπὸ
244 2009 305 2074 τοῦ
329 2005 497 2092 μετεώρου
520 2007 661 2093 πέρατος
682 2008 740 2091 της
764 2001 901 2082 εὐθείας
924 2004 977 2071 ἐπὶ
1000 2002 1038 2072 τδ
1064 2005 1170 2071 ἐπίπε-

155 2114 218 2178 δον
245 2112 386 2189 κάθετος
414 2107 520 2198 ἄχθη,
549 2112 605 2178 καὶ
632 2107 698 2178 ὐπὸ
726 2115 787 2178 τοῦ
815 2109 1002 2196 γενομένου
1030 2114 1170 2195 σημείου

103 2237 135 2286 15
155 2216 208 2284 ἐπὶ
230 2215 267 2284 τδ
292 2217 329 2285 έν
356 2221 401 2308 τῷ
430 2218 573 2307 ἐπιπέδῳ
597 2218 697 2303 πέρας
718 2219 777 2301 τῆς
800 2212 937 2294 εὐθείας
960 2212 1079 2282 εὐθεῖα
1103 2217 1169 2282 ἐπι·

156 2327 292 2411 ζευχθῇ,
323 2320 344 2409 ἡ
372 2322 587 2410 περιεχομένη
615 2326 722 2406 γωνία
749 2317 815 2389 ὑπὸ
844 2325 902 2407 τῆς
930 2318 1091 2408 ἀχθείσης
1114 2322 1170 2388 καὶ

153 2433 211 2515 τῆς
235 2427 434 2516 ἐφεστώσης.

221 2534 263 2606 ς’.
293 2532 500 2603 Ἐπιπέδου
519 2528 624 2619 Ιπρὸς
652 2534 843 2601 ἐπίπεδον
871 2539 1003 2612 κλίσις
1033 2532 1168 2620 έστλνὴ

154 2641 369 2730 περιεχομένη
389 2637 478 2721 ὀξεῖα
497 2643 604 2724 γωνία
621 2634 689 2706 ὐπδ
708 2643 776 2707 τῶν
794 2637 877 2727 πρὸς
895 2637 1002 2727 ὀρθὰς
1016 2643 1055 2728 τῇ
1070 2644 1168 2728 κοινῇ

101 2768 134 2817 κο
152 2751 236 2835 τομῇ
261 2745 435 2834 ἀγομένων
459 2744 542 2833 πρὸς
562 2749 607 2836 τῳ
627 2742 718 2837 αὐτῷ
738 2751 861 2838 σημείῳ
881 2748 918 2814 ἐν
938 2746 1079 2838 ἑκατέρῳ
1098 2750 1168 2815 τῶν

154 2856 327 2922 ἐπιπέδων.

154 3015 283 3140 115132ef.
304 3019 388 3068 1-2.
416 3013 492 3068 Hero
511 3012 564 3067 def.
586 3019 631 3080 13,
651 3011 759 3083 Psellug
778 3032 804 3082 p.
824 3017 866 3067 49.
900 3016 987 3066 3-4.
1010 3011 1085 3068 Hero
1105 3013 1162 3067 def.

211 3127 217 3153 ‚
257 3128 261 3138 .

223 3219 380 3279 Εὐκλείδου
404 3225 547 3294 στοιχείων
565 3223 673 3278 1an
693 3225 721 3278 et
740 3225 770 3290 b,
795 3224 850 3278 sed·
863 3241 918 3293 mg
939 3242 975 3280 m.
996 3231 1023 3279 1:
1043 3245 1084 3295 γρ.
1106 3241 1165 3280 στε-

152 3297 231 3364 ρεῶν.
252 3291 408 3349 Εὐκλείδου
429 3296 550 3361 στερεῶν
570 3315 588 3348 α
608 3311 692 3364 στοιχ.
708 3302 738 3348 ια
752 3293 783 3348 Β.
813 3291 970 3350 Εὐκλείδου
986 3296 1105 3363 στερεῶν
1120 3302 1163 3363 Εἰ,

151 3367 213 3421 add.
235 3366 378 3435 στοιχείων
397 3364 426 3418 F.
482 3372 505 3420 1.
527 3360 599 3437 ὅροι]
617 3383 670 3421 om.
686 3366 765 3420 codd.
788 3364 926 3421 Numeros
947 3383 1000 3421 om.
1020 3367 1099 3422 codd.

152 3445 175 3494 7.
190 3433 379 3508 ὑποκειμένῳ]
395 3452 543 3506 suprascr.
559 3456 595 3492 m.
610 3453 664 3491 reo.
679 3435 710 3506 P,
725 3453 809 3506 supra
822 3453 857 3491 m.
875 3442 888 3490 1
905 3437 942 3504 V;
962 3433 1039 3508 αὐτῷ
1054 3439 1086 3506 b,
1106 3454 1165 3506 mg.
