2468 3952
151 197 221 261 370
550 197 731 248 mmmm
749 197 771 246 1.

155 345 236 423 AB,
266 345 341 404 ἴσον
370 336 438 405 ἐστὶ
465 341 511 426 τῷ
539 335 592 414 δὶς
618 331 685 402 ὑπὸ
713 337 781 400 τῶν
806 339 886 416 ΔΑ,
918 337 985 398 AF
1008 330 1090 418 μετὰ
1114 334 1173 398 τοῦ

153 443 218 512 ἀπὸ
246 454 304 529 τῆς
328 448 402 511 AF
446 442 688 528 τετραπλάσιον
721 440 758 507 δὲ
784 437 822 507 τὸ
852 435 917 504 ἆτιὸ
940 441 1000 522 τῆς
1023 444 1089 504 AB
1114 448 1170 504 τοῦ

153 549 218 618 ἀπὸ
248 553 307 635 τῆς
330 557 409 616 ΔΑ·
436 547 677 635 τετραπλάσιον
706 543 771 630 ἄρα
798 544 854 612 καὶ
876 541 914 611 τὸ
939 544 992 624 δὶς
1015 542 1082 610 ὑπὸ
1107 547 1171 610 τῶν

153 664 239 741 ΔΑ,
270 661 340 723 ΑΓ
363 654 444 742 μετὰ
472 659 533 723 τοῦ
556 651 622 721 ἀπὸ
647 660 715 720 AF
738 656 799 720 τοῦ
822 648 887 720 ἀπὸ
912 658 995 718 ΑΔ·
1026 649 1111 718 ὥστε
1135 648 1171 716 τὰ

118 760 218 830 ῠᾶτιὸ
242 765 311 829 τῶν
336 769 421 845 ΔΑ,
448 765 513 827 ΑΓ
531 759 611 846 μετὰ
634 771 695 827 τοῦ
720 759 774 837 δὶς
795 756 862 825 ὑπὸ
886 768 955 823 τῶν
979 765 1069 841 ΔΑ,
1102 761 1172 839 AF,

153 868 235 954 ὅπερ
259 867 328 936 ἐστὶ
350 865 388 935 τὸ
412 863 477 934 ἀπὸ
496 877 555 951 τῆς
569 872 646 950 ΓΔ,
670 861 918 932 πενταπλάσιόν
937 864 1007 930 ἐστι
1025 867 1088 930 τοῦ
1107 860 1171 929 ἀπὸ

152 978 213 1060 τῆς
237 983 315 1042 ΔΑ.
363 977 432 1039 ἔστι
456 973 502 1039 δέ.

560 1184 771 1261 Σύνθεσις.

220 1308 308 1376 Ἐπεὶ
336 1301 399 1377 οὖν
422 1305 669 1375 πενταπλάσιόν
697 1308 766 1374 ἐστι
792 1303 830 1373 τὸ
855 1302 919 1373 ἀπὸ
943 1314 1004 1390 τῆς
1027 1309 1092 1372 ΓΔ
1113 1312 1171 1371 τοῦ

103 1433 136 1482 10
155 1411 220 1481 ἀπὸ
249 1423 308 1498 τῆς
332 1420 412 1497 ΔΑ,
439 1411 477 1481 τὸ
507 1412 544 1480 δὲ
572 1409 637 1480 ἀπὸ
667 1416 726 1497 τῆς
748 1417 810 1479 ΓΔ
837 1410 877 1478 τὰ
906 1407 972 1478 ἆτιό
997 1413 1066 1478 τῶν
1091 1418 1173 1494 ΔΑ,

155 1526 224 1586 AF
243 1520 311 1586 ἐστι
330 1518 410 1605 μετὰ
428 1522 490 1586 τοῦ
510 1519 562 1597 δὶς
579 1515 645 1586 ὑπὸ
667 1522 736 1586 τῶν
754 1525 839 1600 ΔΑ,
858 1523 937 1601 AF,
960 1516 1000 1583 τὰ
1020 1515 1090 1604 ἄρα
1108 1514 1171 1583 ἀπὸ

154 1629 222 1693 τῶν
243 1632 328 1710 ΔΑ,
348 1629 418 1693 AF
436 1625 516 1711 μετὰ
539 1629 600 1693 τοῦ
624 1624 676 1703 δὶς
699 1621 764 1691 ὑπὸ
783 1627 851 1691 τῶν
873 1630 953 1707 ΔΑ,
973 1629 1044 1690 AF
1058 1647 1173 1690 πεντα-

155 1730 279 1799 mimo}
308 1733 377 1799 ἐστι
404 1737 464 1797 τοῦ
493 1728 558 1797 ἀπὸ
584 1739 663 1796 ΛΑ.
697 1729 843 1796 διελόντι
869 1727 907 1796 τὸ
933 1729 985 1809 δὶς
1013 1726 1080 1797 ὑπὸ
1108 1731 1174 1795 τῶν

157 1844 243 1921 ΔΑ,
272 1841 342 1904 AF
365 1834 446 1923 μετὰ
474 1845 535 1902 τοῦ
562 1834 629 1903 ἀπὸ
659 1840 718 1922 τῆς
745 1841 814 1902 ΑΓ
836 1834 1079 1922 τετραπλάσιόν
1109 1837 1175 1902 ἐστι

105 1961 138 2011 15
156 1947 217 2011 τοῦ
241 1940 306 2010 ἀπὸ
330 1946 389 2029 τῆς
408 1950 490 2009 ΑΔ·
515 1947 584 2010 ἔστι
607 1942 645 2010 δὲ
667 1942 723 2009 καὶ
746 1939 783 2009 τὸ
807 1939 872 2010 ἄιιὸ
898 1944 956 2025 τῆς
974 1947 1040 2007 AB
1063 1965 1174 2023 τετρα-

156 2048 300 2117 πλάσιον
322 2053 384 2116 τοῦ
408 2045 473 2116 ἀπὸ
493 2056 576 2115 ΑΔ·
600 2047 637 2116 τὸ
663 2047 730 2135 ἄρα
754 2047 806 2127 δὶς
824 2044 890 2114 ὑπὸ
911 2057 979 2114 τῶν
999 2053 1080 2130 ΔΑ,
1100 2049 1174 2129 AF,

157 2154 238 2242 ὅπερ
262 2156 330 2223 ἐστὶ
353 2154 391 2222 τὸ
415 2155 502 2236 ἅπαξ
524 2152 589 2222 ὑπὸ
612 2159 681 2222 τῶν
705 2160 787 2239 BA,
810 2159 891 2238 AF,
920 2149 1000 2238 μετὰ
1024 2154 1086 2218 τοῦ
1110 2147 1173 2218 ἀπὸ

157 2267 233 2346 ΑΓ,
264 2269 339 2329 ἴσον
363 2261 432 2329 ἐστὶ
459 2264 505 2351 τῷ
533 2259 597 2328 ἀπὸ
626 2263 686 2345 τῆς
713 2267 788 2327 AB.
838 2255 924 2326 ἀλλὰ
951 2257 988 2324 τὸ
1016 2254 1083 2326 ἀπὸ
1117 2261 1176 2342 τῆς

158 2372 223 2432 ΑΒ
250 2365 288 2432 τὸ
317 2364 383 2434 ὑπὸ
406 2374 487 2451 AB,
511 2372 578 2434 ΒΓ
602 2368 670 2434 ἐστι
697 2363 778 2453 μετὰ
805 2368 866 2431 τοῦ
893 2361 959 2431 ὑπὸ
984 2370 1067 2450 BA,
1095 2367 1176 2430 AF·

105 2490 139 2540 20
157 2469 195 2538 τὸ
224 2469 289 2554 ἄρα
317 2467 383 2538 ὑπὸ
407 2479 488 2557 BA,
516 2479 585 2540 AF
607 2469 688 2558 μετὰ
715 2473 777 2538 τοῦ
804 2467 870 2537 ὑπὸ
900 2476 980 2554 AB,
1009 2475 1078 2536 BF
1102 2477 1176 2536 ἴσον

159 2575 228 2645 ἐστὶ
251 2579 296 2668 τῷ
320 2573 385 2643 ὑπὸ
410 2584 494 2664 BA,
513 2585 586 2646 AF
604 2575 684 2664 μετὰ
707 2580 769 2645 τοῦ
792 2573 858 2644 ἀπὸ
879 2581 955 2643 AF·
979 2576 1035 2642 καὶ
1059 2584 1176 2643 κοινοῦ

159 2682 405 2770 ἀφαιρεθέντος
427 2687 487 2751 τοῦ
510 2682 576 2751 ὑπὸ
600 2691 681 2768 BA,
705 2687 785 2768 AF,
814 2681 933 2750 λοιπὸν
956 2680 1023 2767 ἄρα
1046 2680 1085 2749 τὸ
1109 2677 1174 2748 ὑπὸ

159 2797 240 2874 AB,
265 2794 331 2856 BF
351 2797 426 2856 ἴσον
450 2790 518 2856 ἐστὶ
541 2793 585 2879 τῷ
610 2787 675 2856 ἀπὸ
699 2795 778 2856 AF·
803 2793 893 2856 ἔστιν
917 2786 982 2872 ἄρα
1006 2786 1052 2865 ὡς
1076 2785 1096 2873 ἡ
1117 2792 1177 2852 BA

159 2894 243 2980 πρὸς
265 2893 328 2981 τὴν
346 2901 421 2980 ΑΓ,
446 2894 552 2973 οὕτως
574 2891 594 2981 ἡ
615 2899 683 2961 AF
701 2893 785 2981 πρὸς
805 2892 870 2979 τὴν
889 2898 959 2960 ΓΒ.
1000 2897 1121 2978 μείζων
1141 2889 1178 2958 δὲ

107 2998 180 3085 ιὸἡ
203 3007 268 3067 BA
290 3004 349 3086 τῆς
363 3006 439 3067 AF·
464 3006 582 3086 μείζων
606 2999 671 3087 ἄρα
693 3000 750 3068 καὶ
772 2997 877 3086 ἡΑΓ
895 3009 954 3085 τῆς
972 3004 1050 3065 ΓΒ·
1074 2997 1095 3085 ἡ
1112 3004 1177 3064 AB

161 3102 227 3190 ἄρα
252 3104 356 3190 ἄκρον
379 3104 435 3172 καὶ
457 3108 561 3192 μέσον
585 3107 689 3193 λόγον
712 3108 866 3193 τέτμηται
889 3102 971 3172 κατὰ
994 3103 1031 3172 τὸ
1056 3111 1095 3189 F,
1123 3104 1178 3170 καὶ

161 3209 199 3278 τὸ
224 3218 335 3297 μεῖζον
358 3211 469 3298 τμῆμά
494 3214 584 3280 ἐστιν
607 3211 627 3298 ἡ
651 3218 730 3280 ΑΓ·
777 3214 858 3298 ὅπερ
883 3215 950 3279 ἔδει
974 3212 1088 3290 δεῖξαι.

234 3446 258 3492 4.
279 3435 335 3493 ἀπὸ
355 3442 478 3510 τῆςΑΓ
493 3442 526 3496 V.
600 3442 721 3509 τῇςΑΔ
739 3443 773 3496 V.
842 3437 890 3512 τά]
909 3438 941 3496 τό
961 3460 987 3510 q.
1061 3446 1087 3496 5.
1108 3436 1178 3510 μετά

162 3510 286 3581 -AF]
306 3527 390 3580 supra
407 3514 529 3566 m.2B.
612 3510 681 3584 ὑπό]
701 3509 758 3567 ἀπό
779 3531 806 3581 q·
898 3518 921 3568 6.
943 3508 1017 3567 ἐστίν
1035 3512 1096 3567 ΡΒ.

69 3664 109 3704 h.
