2468 3952
125 181 193 243 404
520 185 704 235 APPENDIX
720 184 756 236 IL

127 328 265 390 ἔλαττον
293 321 398 391 αὐτοῦ
426 327 573 410 στερεοῦ.
624 322 785 409 λελήφδω
813 323 868 390 καὶ
896 322 1072 392 ἀνεστάτω
1101 325 1150 392 ἐπὶ

126 434 195 496 τῶν
210 436 328 515 ΑΕΒ,
347 435 455 515 ΒΖΓ,
474 436 597 515 ΓΗΔ,
618 437 731 497 ΔΘΑ.
763 428 862 516 λοιπὴ
876 427 944 515 ἄρα
957 427 980 516 ἡ
994 437 1149 518 πυραμίς,

126 527 165 622 ἧς
185 535 283 621 βάσις
301 537 363 621 μέν
382 539 450 604 ἐστι
469 534 506 603 τὸ
526 542 810 603 ΑΕΒΖΓΗΔΘ
827 536 1043 622 πολύγωνον,
1068 535 1151 618 ὕψος

128 641 166 709 δὲ
189 640 226 710 τὸ
251 640 333 710 αὐτὸ
356 647 402 734 τῷ
421 645 531 734 κείνῳ,
555 641 669 728 μεῖζόν
689 645 779 710 ἐστιν
798 637 819 727 ἦ
838 647 954 726 τρίτον
972 644 1078 729 μέρος
1094 647 1150 711 τοῦ

127 753 315 834 κυλίνδρου
337 753 398 817 τοῦ
421 750 526 835 βάσιν
549 749 610 835 μὲν
630 754 764 836 ἔχοντος
781 745 842 816 τὸν
860 754 997 815 ΑΒΓΔ
1014 750 1150 834 κύκλον,

127 853 214 935 ὕψος
238 854 275 922 δὲ
298 853 336 922 τὸ
360 854 442 924 αύιὸ
466 860 512 948 τῳ
531 856 639 946 κώνῳ.
675 851 749 921 ἀλλ’
771 851 792 940 ἡ
813 860 973 941 πυραμίς,
998 847 1038 941 ἧς
1056 856 1151 941 βάσις

128 962 190 1046 μέν
220 964 310 1028 ἐστιν
337 958 358 1047 ἡ
383 968 665 1030 ΑΕΒΖΓΗΔΘ
691 961 907 1045 πολύγωνον,
935 961 1025 1041 ὕψος
1054 961 1093 1029 δὲ
1114 961 1149 1029 τὸ

128 1065 211 1135 αὐτὸ
226 1072 272 1159 τῷ
287 1067 396 1160 κώνῳ,
410 1072 472 1136 τοῦ
485 1067 586 1154 βάσιν
601 1067 663 1153 μὲν
678 1072 812 1153 ἔχοντος
825 1066 863 1135 τὸ
875 1073 1150 1136 ΑΕΒΖΓΗΔΘ

131 1174 343 1260 πολύγωνον,
362 1174 448 1253 ὕψος
466 1173 505 1241 δὲ
522 1173 560 1241 τὸ
581 1171 664 1241 αύτὸ
682 1177 728 1263 τῳ
747 1173 855 1264 κώνῳ.
891 1172 1006 1241 καὶτὸ
1025 1180 1149 1261 πρίσμα

128 1278 210 1365 ἄρα,
235 1272 277 1348 οὗ
302 1280 400 1366 βάσις
417 1283 479 1367 μέν
498 1278 624 1348 ἔστιτὸ
644 1286 923 1349 ΑΕΒΖΓΗΔΘ
940 1280 1149 1366 πολύγωνον,

130 1386 218 1465 ὕψος
241 1387 279 1454 δὲ
301 1386 339 1454 τὸ
359 1385 442 1454 αὐτὸ
461 1391 507 1476 τῷ
526 1385 639 1479 κώνῳ,
663 1386 776 1472 μεῖζόν
800 1389 868 1455 ἐστι
886 1391 948 1453 τοῦ
966 1393 1150 1476 κυλίνδρου

128 1495 190 1558 τοῦ
218 1491 320 1577 βάσιν
349 1492 410 1578 μὲν
434 1498 568 1581 ἔχοντος
590 1492 651 1561 τὸν
678 1498 812 1560 ΑΒΓΔ
834 1492 976 1579 κύκλον,
1006 1495 1095 1575 ὕψος
1117 1494 1150 1563 δὲ

127 1595 166 1666 τὸ
182 1597 265 1666 αὐτὸ
280 1603 325 1690 τῳ
340 1599 456 1690 κώνῳ,
475 1599 588 1685 μεῖζόν
609 1601 677 1667 ἐστι
695 1605 757 1667 τοῦ
775 1604 961 1686 κυλίνδρου
974 1605 1038 1669 τοῦ
1051 1601 1150 1687 βάσιν

129 1705 192 1792 μὲν
216 1711 350 1792 ἔχοντος
371 1706 432 1774 τὸν
452 1713 589 1774 ΑΒΓΔ
610 1705 746 1792 κύκλον,
769 1706 856 1786 ὕψος
879 1706 917 1773 δὲ
938 1705 977 1774 τὸ
1003 1705 1088 1776 αύτὸ
1107 1711 1149 1799 τῳ

128 1811 234 1902 κοίν’ῳ.
272 1811 359 1880 άλλᾶ
378 1813 433 1880 καλ
453 1814 680 1900 ἐμπεριέχεται
695 1814 731 1880 ἐν
750 1811 854 1905 αύτῷ·
874 1813 955 1899 ὅπερ
970 1813 1152 1883 ἀδύνατον.

131 1916 194 1984 οὐκ
216 1916 282 2004 άρα
306 1916 323 1987 ὁ
347 1919 526 2006 κύλινδρος
548 1924 610 1987 τού
633 1919 746 1987 κοίνου
769 1917 914 1986 ἐλάττων
935 1920 1028 1988 ἐστὶν
1045 1917 1068 2006 ἢ
1086 1948 1152 2009 τρι-

130 2023 277 2104 πλάσιος.
328 2028 462 2111 ἐδείχθη
492 2027 543 2110 δέ,
577 2025 629 2093 ὅτι
654 2022 735 2093 οὐδὲ
757 2030 877 2111 μείζων
899 2020 920 2110 ἢ
946 2026 1149 2111 τριπλάσιος.

130 2134 322 2216 τριπλάσιος
348 2130 413 2217 άρα
437 2134 536 2199 ἐστίν.

79 2354 112 2403 10
200 2348 244 2411 OC
270 2346 381 2431 ὅμοιοι
408 2348 512 2413 κῶνοι
542 2345 597 2412 καὶ
620 2343 796 2431 κύλινδροι
818 2341 902 2431 πρὸς
924 2343 1095 2430 ἀλλήλους
1118 2346 1152 2412 ἐν

131 2455 344 2532 τριπλασίονι
367 2449 456 2541 λόγῳ
480 2451 546 2518 είσὶ
568 2455 637 2518 τῶν
661 2451 698 2516 ἐν
719 2463 792 2528 ταῖς
814 2448 932 2534 βάσεσι
952 2452 1151 2539 διαμέτρων.

200 2558 349 2623 ἔστωσαν
369 2556 480 2642 ὅμοιοι
500 2560 603 2626 κῶνοι
623 2557 679 2622 καὶ
696 2555 881 2643 κύλινδροι,
900 2547 950 2623 ὦν
964 2555 1080 2641 βάσεις
1094 2557 1152 2644 μὲν

133 2665 282 2729 ἔστωσαν
302 2665 337 2730 οί
357 2669 502 2749 ΑΒΓΔ,
526 2669 664 2729 ΕΖΗΘ
681 2661 809 2749 κύκλοι,
829 2661 947 2744 άξονες
965 2662 1004 2730 δὲ
1023 2666 1060 2730 οί
1075 2669 1152 2747 ΚΑ,

134 2776 228 2854 ΜΝ,
259 2768 431 2856 διάμετροι
459 2769 497 2837 δὲ
520 2774 670 2837 ἔστωσαν
693 2771 730 2834 ac
752 2775 827 2854 ΒΓ,
858 2775 925 2836 ΖΘ.
971 2770 1074 2856 λέγω,
1103 2767 1153 2838 ὅτι

134 2871 151 2942 ὁ
172 2882 380 2944 ΑΒΓΔΚΛ
402 2880 510 2955 κῶνος
529 2873 614 2960 πρὸς
630 2873 691 2942 τὸν
710 2881 895 2943 ΕΖΗΘΜ
898 2881 936 2942 Ν
954 2879 1069 2943 κῶνον
1087 2902 1154 2962 τρι-

134 2987 301 3049 πλασίονα
323 2982 427 3068 λόγον
451 2987 517 3069 ἔχει
541 2979 625 3067 ἤπερ
648 2976 669 3066 ἡ
693 2987 761 3046 ΒΔ
783 2978 867 3065 πρὸς
891 2987 960 3049 ΖΘ.

203 3092 233 3154 εἰ
255 3087 318 3174 γάρ
338 3088 383 3174 μὴ
402 3087 420 3157 ὁ
443 3093 636 3156 ΑΒΓΔΚΑ
653 3091 763 3166 κῶνος
781 3088 864 3175 πρὸς
880 3085 943 3155 τὸν
957 3095 1159 3157 ΕΖΗΘΜΝ

132 3200 354 3279 τριπλασίονα
376 3195 479 3281 λόγον
499 3199 565 3281 ἔχει
585 3192 668 3280 ἥπερ
688 3190 708 3278 ἡ
729 3200 792 3259 ΒΔ
810 3190 893 3279 πρὸς
912 3196 974 3280 τὴν
989 3201 1066 3280 ΖΘ,
1090 3195 1154 3276 ἔξει

134 3297 199 3382 άρα
226 3299 244 3368 ὁ
274 3307 483 3369 ΑΒΓΔΚΑ
510 3305 619 3378 κῶνος
647 3297 722 3384 ἤτοι
750 3298 834 3387 πρὸς
863 3300 1007 3368 ἔλασσόν
1034 3327 1067 3367 τι
1094 3304 1156 3368 τοῦ

136 3413 360 3475 ΕΖΗΘΜΝ
384 3407 497 3475 κώνου
525 3407 663 3492 στερεὸν
690 3411 909 3491 τριπλασίονα
937 3404 1043 3491 λόγον
1071 3405 1155 3493 ἥπερ

134 3508 155 3597 ἡ
180 3519 244 3579 ΒΔ
271 3511 354 3601 πρὸς
381 3511 442 3599 τὴν
467 3519 528 3579 ΖΘ
554 3508 576 3598 ἢ
605 3509 687 3600 πρὸς
714 3510 752 3579 τὸ
782 3517 903 3597 μεῖζον.
950 3512 1050 3598 ἐχέτω
1075 3513 1156 3600 πρό-
