<?xml version="1.0" encoding="UTF-8"?>
<!DOCTYPE html PUBLIC "-//W3C//DTD XHTML 1.0 Transitional//EN"
    "http://www.w3.org/TR/xhtml1/DTD/xhtml1-transitional.dtd">
<html xmlns="http://www.w3.org/1999/xhtml" xml:lang="en" lang="en">
 <head>
  <title>
</title>
<meta http-equiv="Content-Type" content="text/html;charset=utf-8" />
  <meta name='ocr-system' content='tesseract 3.04.00' />
  <meta name='ocr-capabilities' content='ocr_page ocr_carea ocr_par ocr_line ocrx_word'/>
</head>
<body>
  <div class='ocr_page' id='page_1' title='image "./euclidisoperaom00unkngoog_0341.png"; bbox 0 0 2468 3952; ppageno 0'>
   <div class='ocr_carea' id='block_1_1' title="bbox 148 202 791 273">
    <p class='ocr_par' dir='ltr' id='par_1_1' title="bbox 148 202 791 273">
     <span class='ocr_line' id='line_1_1' title="bbox 148 202 791 273; baseline -0.022 -1"><span class='ocrx_word' id='word_1_1' title='bbox 148 208 213 272; x_wconf 80' lang='lat'><strong><em>326</em></strong></span> <span class='ocrx_word' id='word_1_2' title='bbox 520 204 722 258; x_wconf 71' lang='grc' dir='ltr'><strong><em>Στοικσιοει</em></strong></span> <span class='ocrx_word' id='word_1_3' title='bbox 740 202 791 273; x_wconf 73' lang='grc' dir='ltr'><strong><em>η’.</em></strong></span> 
     </span>
    </p>
   </div>
   <div class='ocr_carea' id='block_1_2' title="bbox 149 341 1167 649">
    <p class='ocr_par' dir='ltr' id='par_1_2' title="bbox 149 341 1167 649">
     <span class='ocr_line' id='line_1_2' title="bbox 215 341 1167 435; baseline -0.008 -18"><span class='ocrx_word' id='word_1_4' title='bbox 215 349 311 435; x_wconf 80' lang='grc' dir='ltr'><strong><em>Λέγω</em></strong></span> <span class='ocrx_word' id='word_1_5' title='bbox 335 347 393 435; x_wconf 80' lang='grc' dir='ltr'><strong><em>δή,</em></strong></span> <span class='ocrx_word' id='word_1_6' title='bbox 422 346 473 416; x_wconf 84' lang='grc' dir='ltr'><strong><em>ὅτι</em></strong></span> <span class='ocrx_word' id='word_1_7' title='bbox 500 345 521 434; x_wconf 80' lang='grc' dir='ltr'><em>ἡ</em></span> <span class='ocrx_word' id='word_1_8' title='bbox 545 351 607 414; x_wconf 88' lang='grc' dir='ltr'><strong><em>τοῦ</em></strong></span> <span class='ocrx_word' id='word_1_9' title='bbox 633 346 867 432; x_wconf 75' lang='grc' dir='ltr'><strong><em>δωδεκαέδρου</em></strong></span> <span class='ocrx_word' id='word_1_10' title='bbox 893 341 1024 429; x_wconf 79' lang='grc' dir='ltr'><strong><em>πλευρά</em></strong></span> <span class='ocrx_word' id='word_1_11' title='bbox 1048 341 1167 428; x_wconf 78' lang='grc' dir='ltr'><strong><em>ἄλογός</em></strong></span> 
     </span>
     <span class='ocr_line' id='line_1_3' title="bbox 149 452 681 542; baseline -0.006 -19"><span class='ocrx_word' id='word_1_12' title='bbox 149 459 239 524; x_wconf 81' lang='grc' dir='ltr'><strong><em>ἐστιν</em></strong></span> <span class='ocrx_word' id='word_1_13' title='bbox 261 453 282 542; x_wconf 82' lang='grc' dir='ltr'><em>ἡ</em></span> <span class='ocrx_word' id='word_1_14' title='bbox 307 457 495 542; x_wconf 78' lang='grc' dir='ltr'><strong><em>καλουμένη</em></strong></span> <span class='ocrx_word' id='word_1_15' title='bbox 520 452 681 540; x_wconf 80' lang='grc' dir='ltr'><strong><em>ἀποτομή.</em></strong></span> 
     </span>
     <span class='ocr_line' id='line_1_4' title="bbox 211 556 1166 649; baseline -0.007 -19"><span class='ocrx_word' id='word_1_16' title='bbox 211 559 300 630; x_wconf 73' lang='grc' dir='ltr'><strong><em>Ἐπεὶ</em></strong></span> <span class='ocrx_word' id='word_1_17' title='bbox 323 562 389 649; x_wconf 80' lang='grc' dir='ltr'><strong><em>γάρ</em></strong></span> <span class='ocrx_word' id='word_1_18' title='bbox 413 566 471 648; x_wconf 79' lang='grc' dir='ltr'><strong><em>τῆς</em></strong></span> <span class='ocrx_word' id='word_1_19' title='bbox 494 568 564 628; x_wconf 90' lang='grc' dir='ltr'><strong><em>ΝΟ</em></strong></span> <span class='ocrx_word' id='word_1_20' title='bbox 592 558 698 646; x_wconf 87' lang='grc' dir='ltr'><strong><em>άκρον</em></strong></span> <span class='ocrx_word' id='word_1_21' title='bbox 720 559 776 626; x_wconf 79' lang='grc' dir='ltr'><strong><em>καί</em></strong></span> <span class='ocrx_word' id='word_1_22' title='bbox 799 559 903 645; x_wconf 81' lang='grc' dir='ltr'><strong><em>μέσον</em></strong></span> <span class='ocrx_word' id='word_1_23' title='bbox 925 556 1033 643; x_wconf 80' lang='grc' dir='ltr'><strong><em>λόγον</em></strong></span> <span class='ocrx_word' id='word_1_24' title='bbox 1057 582 1166 643; x_wconf 84' lang='grc' dir='ltr'><strong><em>τετμη·</em></strong></span> 
     </span>
    </p>
   </div>
   <div class='ocr_carea' id='block_1_3' title="bbox 92 661 1168 2769">
    <p class='ocr_par' dir='ltr' id='par_1_3' title="bbox 92 661 1168 2769">
     <span class='ocr_line' id='line_1_5' title="bbox 147 661 1166 756; baseline -0.007 -19"><span class='ocrx_word' id='word_1_25' title='bbox 147 669 249 755; x_wconf 81' lang='grc' dir='ltr'><strong><em>μένης</em></strong></span> <span class='ocrx_word' id='word_1_26' title='bbox 271 669 309 738; x_wconf 86' lang='grc' dir='ltr'><strong><em>τὸ</em></strong></span> <span class='ocrx_word' id='word_1_27' title='bbox 329 675 441 756; x_wconf 77' lang='grc' dir='ltr'><strong><em>μεῖζον</em></strong></span> <span class='ocrx_word' id='word_1_28' title='bbox 463 666 574 754; x_wconf 82' lang='grc' dir='ltr'><strong><em>τμῆμά</em></strong></span> <span class='ocrx_word' id='word_1_29' title='bbox 599 668 689 734; x_wconf 78' lang='grc' dir='ltr'><strong><em>ἐστιν</em></strong></span> <span class='ocrx_word' id='word_1_30' title='bbox 708 663 729 752; x_wconf 80' lang='grc' dir='ltr'><em>ἡ</em></span> <span class='ocrx_word' id='word_1_31' title='bbox 750 671 825 750; x_wconf 93' lang='grc' dir='ltr'><strong><em>ΡΟ,</em></strong></span> <span class='ocrx_word' id='word_1_32' title='bbox 842 669 902 750; x_wconf 80' lang='grc' dir='ltr'><strong><em>τῆς</em></strong></span> <span class='ocrx_word' id='word_1_33' title='bbox 921 663 960 731; x_wconf 70' lang='grc' dir='ltr'><strong><em>δέ</em></strong></span> <span class='ocrx_word' id='word_1_34' title='bbox 982 666 1049 740; x_wconf 90' lang='lat' dir='ltr'><strong><em>OE</em></strong></span> <span class='ocrx_word' id='word_1_35' title='bbox 1065 661 1166 747; x_wconf 80' lang='grc' dir='ltr'><strong><em>ἄκρον</em></strong></span> 
     </span>
     <span class='ocr_line' id='line_1_6' title="bbox 112 766 1166 863; baseline -0.006 -19"><span class='ocrx_word' id='word_1_36' title='bbox 112 776 202 844; x_wconf 72' lang='grc' dir='ltr'><strong><em>σκαδ</em></strong></span> <span class='ocrx_word' id='word_1_37' title='bbox 226 779 330 863; x_wconf 86' lang='grc' dir='ltr'><strong><em>μέσον</em></strong></span> <span class='ocrx_word' id='word_1_38' title='bbox 354 777 458 861; x_wconf 84' lang='grc' dir='ltr'><strong><em>λόγον</em></strong></span> <span class='ocrx_word' id='word_1_39' title='bbox 481 774 684 861; x_wconf 81' lang='grc' dir='ltr'><strong><em>τετμημένης</em></strong></span> <span class='ocrx_word' id='word_1_40' title='bbox 706 771 744 841; x_wconf 89' lang='grc' dir='ltr'><strong><em>τὸ</em></strong></span> <span class='ocrx_word' id='word_1_41' title='bbox 768 778 881 860; x_wconf 79' lang='grc' dir='ltr'><strong><em>μεῖζον</em></strong></span> <span class='ocrx_word' id='word_1_42' title='bbox 902 769 1017 858; x_wconf 74' lang='grc' dir='ltr'><strong><em>τμῆμά</em></strong></span> <span class='ocrx_word' id='word_1_43' title='bbox 1038 766 1166 855; x_wconf 79' lang='grc' dir='ltr'><strong><em>ἐστινὴ</em></strong></span> 
     </span>
     <span class='ocr_line' id='line_1_7' title="bbox 149 874 1165 968; baseline -0.003 -21"><span class='ocrx_word' id='word_1_44' title='bbox 149 888 229 966; x_wconf 87' lang='grc' dir='ltr'><strong><em>ΟΣ,</em></strong></span> <span class='ocrx_word' id='word_1_45' title='bbox 254 881 333 968; x_wconf 83' lang='grc' dir='ltr'><strong><em>ὅλης</em></strong></span> <span class='ocrx_word' id='word_1_46' title='bbox 356 881 422 966; x_wconf 84' lang='grc' dir='ltr'><strong><em>άρα</em></strong></span> <span class='ocrx_word' id='word_1_47' title='bbox 445 885 502 966; x_wconf 76' lang='grc' dir='ltr'><strong><em>τῆς</em></strong></span> <span class='ocrx_word' id='word_1_48' title='bbox 516 884 586 956; x_wconf 95' lang='grc' dir='ltr'><em>ΝΞ</em></span> <span class='ocrx_word' id='word_1_49' title='bbox 606 878 713 967; x_wconf 86' lang='grc' dir='ltr'><strong><em>άκρον</em></strong></span> <span class='ocrx_word' id='word_1_50' title='bbox 731 878 787 946; x_wconf 78' lang='grc' dir='ltr'><strong><em>καὶ</em></strong></span> <span class='ocrx_word' id='word_1_51' title='bbox 806 879 910 965; x_wconf 75' lang='grc' dir='ltr'><strong><em>μέσον</em></strong></span> <span class='ocrx_word' id='word_1_52' title='bbox 927 874 1035 962; x_wconf 79' lang='grc' dir='ltr'><strong><em>λόγον</em></strong></span> <span class='ocrx_word' id='word_1_53' title='bbox 1054 902 1165 963; x_wconf 90' lang='grc' dir='ltr'><strong><em>τεμνο-</em></strong></span> 
     </span>
     <span class='ocr_line' id='line_1_8' title="bbox 146 977 1165 1075; baseline -0.006 -19"><span class='ocrx_word' id='word_1_54' title='bbox 146 989 249 1074; x_wconf 80' lang='grc' dir='ltr'><strong><em>μένης</em></strong></span> <span class='ocrx_word' id='word_1_55' title='bbox 271 988 309 1056; x_wconf 87' lang='grc' dir='ltr'><strong><em>τὸ</em></strong></span> <span class='ocrx_word' id='word_1_56' title='bbox 333 994 444 1075; x_wconf 80' lang='grc' dir='ltr'><strong><em>μείζου</em></strong></span> <span class='ocrx_word' id='word_1_57' title='bbox 468 984 579 1073; x_wconf 74' lang='grc' dir='ltr'><strong><em>τμῆμά</em></strong></span> <span class='ocrx_word' id='word_1_58' title='bbox 602 987 693 1054; x_wconf 78' lang='grc' dir='ltr'><strong><em>ἐστιν</em></strong></span> <span class='ocrx_word' id='word_1_59' title='bbox 720 983 741 1072; x_wconf 82' lang='grc' dir='ltr'><em>ἡ</em></span> <span class='ocrx_word' id='word_1_60' title='bbox 765 992 847 1053; x_wconf 75' lang='grc' dir='ltr'><strong><em>ΡΣ.</em></strong></span> <span class='ocrx_word' id='word_1_61' title='bbox 883 977 958 1052; x_wconf 80' lang='grc' dir='ltr'><strong><em>οἷον</em></strong></span> <span class='ocrx_word' id='word_1_62' title='bbox 982 985 1060 1052; x_wconf 79' lang='grc' dir='ltr'><strong><em>ἐπεί</em></strong></span> <span class='ocrx_word' id='word_1_63' title='bbox 1080 985 1165 1051; x_wconf 78' lang='grc' dir='ltr'><strong><em>ἐστιν</em></strong></span> 
     </span>
     <span class='ocr_line' id='line_1_9' title="bbox 147 1088 1165 1180; baseline -0.005 -20"><span class='ocrx_word' id='word_1_64' title='bbox 147 1090 191 1173; x_wconf 78' lang='grc' dir='ltr'><strong><em>ὥς</em></strong></span> <span class='ocrx_word' id='word_1_65' title='bbox 218 1090 239 1180; x_wconf 78' lang='grc' dir='ltr'><strong><em>η</em></strong></span> <span class='ocrx_word' id='word_1_66' title='bbox 265 1100 334 1160; x_wconf 92' lang='grc' dir='ltr'><strong><em>ΝΟ</em></strong></span> <span class='ocrx_word' id='word_1_67' title='bbox 361 1091 444 1180; x_wconf 85' lang='grc' dir='ltr'><strong><em>πρὸς</em></strong></span> <span class='ocrx_word' id='word_1_68' title='bbox 470 1091 534 1179; x_wconf 80' lang='grc' dir='ltr'><strong><em>τὴν</em></strong></span> <span class='ocrx_word' id='word_1_69' title='bbox 564 1099 639 1175; x_wconf 89' lang='grc' dir='ltr'><strong><em>ΟΡ,</em></strong></span> <span class='ocrx_word' id='word_1_70' title='bbox 667 1089 688 1177; x_wconf 79' lang='grc' dir='ltr'><em>ἡ</em></span> <span class='ocrx_word' id='word_1_71' title='bbox 719 1099 783 1159; x_wconf 89' lang='grc' dir='ltr'><strong><em>ΟΡ</em></strong></span> <span class='ocrx_word' id='word_1_72' title='bbox 805 1090 887 1179; x_wconf 83' lang='grc' dir='ltr'><strong><em>πρὸς</em></strong></span> <span class='ocrx_word' id='word_1_73' title='bbox 913 1088 977 1177; x_wconf 81' lang='grc' dir='ltr'><strong><em>τὴν</em></strong></span> <span class='ocrx_word' id='word_1_74' title='bbox 1001 1097 1086 1176; x_wconf 93' lang='grc' dir='ltr'><strong><em>ΡΝ,</em></strong></span> <span class='ocrx_word' id='word_1_75' title='bbox 1114 1089 1165 1156; x_wconf 81' lang='grc' dir='ltr'><strong><em>καί</em></strong></span> 
     </span>
     <span class='ocr_line' id='line_1_10' title="bbox 146 1197 1167 1286; baseline -0.004 -18"><span class='ocrx_word' id='word_1_76' title='bbox 146 1198 186 1267; x_wconf 83' lang='grc' dir='ltr'><strong><em>τά</em></strong></span> <span class='ocrx_word' id='word_1_77' title='bbox 216 1199 388 1268; x_wconf 89' lang='grc' dir='ltr'><strong><em>διπλάσια·</em></strong></span> <span class='ocrx_word' id='word_1_78' title='bbox 415 1199 456 1267; x_wconf 83' lang='grc' dir='ltr'><strong><em>τά</em></strong></span> <span class='ocrx_word' id='word_1_79' title='bbox 485 1198 549 1286; x_wconf 81' lang='grc' dir='ltr'><strong><em>γάρ</em></strong></span> <span class='ocrx_word' id='word_1_80' title='bbox 573 1201 655 1286; x_wconf 90' lang='grc' dir='ltr'><strong><em>μέρη</em></strong></span> <span class='ocrx_word' id='word_1_81' title='bbox 684 1212 753 1279; x_wconf 77' lang='grc' dir='ltr'><strong><em>τοῖς</em></strong></span> <span class='ocrx_word' id='word_1_82' title='bbox 776 1197 883 1278; x_wconf 82' lang='grc' dir='ltr'><strong><em>ἰσάκις</em></strong></span> <span class='ocrx_word' id='word_1_83' title='bbox 905 1202 1167 1276; x_wconf 75' lang='grc' dir='ltr'><strong><em>πολλαπλασίοις</em></strong></span> 
     </span>
     <span class='ocr_line' id='line_1_11' title="bbox 95 1302 1165 1393; baseline -0.002 -21"><span class='ocrx_word' id='word_1_84' title='bbox 95 1325 128 1375; x_wconf 83' lang='grc'><strong><em>10</em></strong></span> <span class='ocrx_word' id='word_1_85' title='bbox 147 1303 206 1373; x_wconf 90' lang='grc' dir='ltr'><strong><em>τὸν</em></strong></span> <span class='ocrx_word' id='word_1_86' title='bbox 230 1304 335 1373; x_wconf 86' lang='grc' dir='ltr'><strong><em>αὐτὸν</em></strong></span> <span class='ocrx_word' id='word_1_87' title='bbox 359 1311 424 1393; x_wconf 78' lang='grc' dir='ltr'><strong><em>ἔχει</em></strong></span> <span class='ocrx_word' id='word_1_88' title='bbox 448 1305 565 1391; x_wconf 84' lang='grc' dir='ltr'><strong><em>λόγον·</em></strong></span> <span class='ocrx_word' id='word_1_89' title='bbox 594 1302 639 1385; x_wconf 78' lang='grc' dir='ltr'><strong><em>ὡς</em></strong></span> <span class='ocrx_word' id='word_1_90' title='bbox 666 1303 732 1391; x_wconf 80' lang='grc' dir='ltr'><strong><em>ἄρα</em></strong></span> <span class='ocrx_word' id='word_1_91' title='bbox 759 1302 781 1391; x_wconf 82' lang='grc' dir='ltr'><em>ἡ</em></span> <span class='ocrx_word' id='word_1_92' title='bbox 805 1306 874 1380; x_wconf 91' lang='grc' dir='ltr'><em>ΝΞ</em></span> <span class='ocrx_word' id='word_1_93' title='bbox 894 1304 978 1391; x_wconf 89' lang='grc' dir='ltr'><strong><em>πρὸς</em></strong></span> <span class='ocrx_word' id='word_1_94' title='bbox 1000 1304 1066 1390; x_wconf 82' lang='grc' dir='ltr'><strong><em>τὴν</em></strong></span> <span class='ocrx_word' id='word_1_95' title='bbox 1089 1310 1165 1387; x_wconf 87' lang='grc' dir='ltr'><strong><em>ΡΣ,</em></strong></span> 
     </span>
     <span class='ocr_line' id='line_1_12' title="bbox 146 1407 1165 1498; baseline -0.001 -21"><span class='ocrx_word' id='word_1_96' title='bbox 146 1408 254 1489; x_wconf 82' lang='grc' dir='ltr'><strong><em>οὕτως</em></strong></span> <span class='ocrx_word' id='word_1_97' title='bbox 271 1407 292 1496; x_wconf 77' lang='grc' dir='ltr'><em>ἡ</em></span> <span class='ocrx_word' id='word_1_98' title='bbox 309 1417 374 1477; x_wconf 92' lang='grc' dir='ltr'><strong><em>ΡΣ</em></strong></span> <span class='ocrx_word' id='word_1_99' title='bbox 389 1409 473 1498; x_wconf 83' lang='grc' dir='ltr'><strong><em>πρὸς</em></strong></span> <span class='ocrx_word' id='word_1_100' title='bbox 492 1410 750 1498; x_wconf 83' lang='grc' dir='ltr'><strong><em>συναμφότερον</em></strong></span> <span class='ocrx_word' id='word_1_101' title='bbox 769 1409 832 1496; x_wconf 77' lang='grc' dir='ltr'><strong><em>τὴν</em></strong></span> <span class='ocrx_word' id='word_1_102' title='bbox 846 1416 927 1495; x_wconf 89' lang='grc' dir='ltr'><strong><em>ΝΡ,</em></strong></span> <span class='ocrx_word' id='word_1_103' title='bbox 946 1413 1022 1486; x_wconf 88' lang='grc' dir='ltr'><strong><em>ΣΞ.</em></strong></span> <span class='ocrx_word' id='word_1_104' title='bbox 1047 1416 1165 1497; x_wconf 78' lang='grc' dir='ltr'><strong><em>μείζων</em></strong></span> 
     </span>
     <span class='ocr_line' id='line_1_13' title="bbox 146 1513 1165 1604; baseline 0.001 -21"><span class='ocrx_word' id='word_1_105' title='bbox 146 1516 184 1584; x_wconf 74' lang='grc' dir='ltr'><strong><em>δέ</em></strong></span> <span class='ocrx_word' id='word_1_106' title='bbox 211 1513 232 1602; x_wconf 81' lang='grc' dir='ltr'><em>ἡ</em></span> <span class='ocrx_word' id='word_1_107' title='bbox 254 1520 322 1594; x_wconf 90' lang='grc' dir='ltr'><em>ΝΞ</em></span> <span class='ocrx_word' id='word_1_108' title='bbox 345 1522 404 1603; x_wconf 79' lang='grc' dir='ltr'><strong><em>της</em></strong></span> <span class='ocrx_word' id='word_1_109' title='bbox 432 1526 508 1586; x_wconf 90' lang='grc' dir='ltr'><strong><em>ΡΣ·</em></strong></span> <span class='ocrx_word' id='word_1_110' title='bbox 537 1523 657 1604; x_wconf 80' lang='grc' dir='ltr'><strong><em>μείζων</em></strong></span> <span class='ocrx_word' id='word_1_111' title='bbox 685 1516 751 1604; x_wconf 86' lang='grc' dir='ltr'><strong><em>άρα</em></strong></span> <span class='ocrx_word' id='word_1_112' title='bbox 778 1516 833 1584; x_wconf 83' lang='grc' dir='ltr'><strong><em>καί</em></strong></span> <span class='ocrx_word' id='word_1_113' title='bbox 861 1514 882 1602; x_wconf 81' lang='grc' dir='ltr'><em>ἡ</em></span> <span class='ocrx_word' id='word_1_114' title='bbox 907 1523 972 1583; x_wconf 90' lang='grc' dir='ltr'><strong><em>ΡΣ</em></strong></span> <span class='ocrx_word' id='word_1_115' title='bbox 992 1535 1165 1604; x_wconf 81' lang='grc' dir='ltr'><strong><em>συναμφο</em></strong></span> 
     </span>
     <span class='ocr_line' id='line_1_14' title="bbox 145 1621 1166 1711; baseline 0.003 -22"><span class='ocrx_word' id='word_1_116' title='bbox 145 1624 244 1711; x_wconf 89' lang='grc' dir='ltr'><strong><em>τέρου</em></strong></span> <span class='ocrx_word' id='word_1_117' title='bbox 275 1634 334 1710; x_wconf 76' lang='grc' dir='ltr'><strong><em>τῆς</em></strong></span> <span class='ocrx_word' id='word_1_118' title='bbox 365 1631 404 1690; x_wconf 99' lang='grc' dir='ltr'><em>Ν</em></span> <span class='ocrx_word' id='word_1_119' title='bbox 408 1631 451 1708; x_wconf 83' lang='lat' dir='ltr'><strong><em>P,</em></strong></span> <span class='ocrx_word' id='word_1_120' title='bbox 480 1627 560 1699; x_wconf 92' lang='grc' dir='ltr'><em>ΣΞ·</em></span> <span class='ocrx_word' id='word_1_121' title='bbox 593 1621 614 1711; x_wconf 82' lang='grc' dir='ltr'><em>ἡ</em></span> <span class='ocrx_word' id='word_1_122' title='bbox 644 1626 712 1700; x_wconf 92' lang='grc' dir='ltr'><em>ΝΞ</em></span> <span class='ocrx_word' id='word_1_123' title='bbox 739 1621 804 1711; x_wconf 85' lang='grc' dir='ltr'><strong><em>άρα</em></strong></span> <span class='ocrx_word' id='word_1_124' title='bbox 837 1622 942 1711; x_wconf 87' lang='grc' dir='ltr'><strong><em>άκρον</em></strong></span> <span class='ocrx_word' id='word_1_125' title='bbox 974 1623 1031 1689; x_wconf 81' lang='grc' dir='ltr'><strong><em>καὶ</em></strong></span> <span class='ocrx_word' id='word_1_126' title='bbox 1066 1625 1166 1710; x_wconf 84' lang='grc' dir='ltr'><strong><em>μέσον</em></strong></span> 
     </span>
     <span class='ocr_line' id='line_1_15' title="bbox 145 1727 1165 1817; baseline -0.001 -19"><span class='ocrx_word' id='word_1_127' title='bbox 145 1729 248 1816; x_wconf 84' lang='grc' dir='ltr'><strong><em>λόγου</em></strong></span> <span class='ocrx_word' id='word_1_128' title='bbox 276 1731 444 1816; x_wconf 85' lang='grc' dir='ltr'><strong><em>τέτμηται,</em></strong></span> <span class='ocrx_word' id='word_1_129' title='bbox 474 1730 530 1797; x_wconf 82' lang='grc' dir='ltr'><strong><em>καί</em></strong></span> <span class='ocrx_word' id='word_1_130' title='bbox 557 1729 595 1798; x_wconf 89' lang='grc' dir='ltr'><strong><em>τὸ</em></strong></span> <span class='ocrx_word' id='word_1_131' title='bbox 624 1735 738 1817; x_wconf 79' lang='grc' dir='ltr'><strong><em>μεῖζον</em></strong></span> <span class='ocrx_word' id='word_1_132' title='bbox 765 1728 868 1816; x_wconf 80' lang='grc' dir='ltr'><strong><em>αὐτῆς</em></strong></span> <span class='ocrx_word' id='word_1_133' title='bbox 895 1728 1006 1816; x_wconf 78' lang='grc' dir='ltr'><strong><em>τμῆμά</em></strong></span> <span class='ocrx_word' id='word_1_134' title='bbox 1031 1727 1165 1816; x_wconf 78' lang='grc' dir='ltr'><strong><em>ἐστινὴ</em></strong></span> 
     </span>
     <span class='ocr_line' id='line_1_16' title="bbox 93 1833 1167 1924; baseline -0.001 -21"><span class='ocrx_word' id='word_1_135' title='bbox 93 1853 126 1904; x_wconf 79' lang='lat'><strong><em>15</em></strong></span> <span class='ocrx_word' id='word_1_136' title='bbox 146 1842 216 1903; x_wconf 92' lang='grc' dir='ltr'><strong><em>ΡΣ.</em></strong></span> <span class='ocrx_word' id='word_1_137' title='bbox 263 1845 318 1922; x_wconf 88' lang='grc' dir='ltr'><strong><em>ίση</em></strong></span> <span class='ocrx_word' id='word_1_138' title='bbox 348 1836 386 1904; x_wconf 69' lang='grc' dir='ltr'><strong><em>δὲ</em></strong></span> <span class='ocrx_word' id='word_1_139' title='bbox 408 1834 429 1922; x_wconf 81' lang='grc' dir='ltr'><em>ἡ</em></span> <span class='ocrx_word' id='word_1_140' title='bbox 455 1842 520 1903; x_wconf 92' lang='grc' dir='ltr'><strong><em>ΡΣ</em></strong></span> <span class='ocrx_word' id='word_1_141' title='bbox 540 1839 579 1924; x_wconf 76' lang='grc' dir='ltr'><strong><em>τῇ</em></strong></span> <span class='ocrx_word' id='word_1_142' title='bbox 607 1843 684 1903; x_wconf 73' lang='grc' dir='ltr'><strong><em>ΥΦ·</em></strong></span> <span class='ocrx_word' id='word_1_143' title='bbox 713 1840 770 1922; x_wconf 80' lang='grc' dir='ltr'><strong><em>τῆς</em></strong></span> <span class='ocrx_word' id='word_1_144' title='bbox 798 1833 863 1923; x_wconf 85' lang='grc' dir='ltr'><strong><em>άρα</em></strong></span> <span class='ocrx_word' id='word_1_145' title='bbox 887 1838 957 1911; x_wconf 90' lang='grc' dir='ltr'><em>ΝΞ</em></span> <span class='ocrx_word' id='word_1_146' title='bbox 981 1833 1092 1924; x_wconf 86' lang='grc' dir='ltr'><strong><em>άκρον</em></strong></span> <span class='ocrx_word' id='word_1_147' title='bbox 1113 1835 1167 1904; x_wconf 81' lang='grc' dir='ltr'><strong><em>καλ</em></strong></span> 
     </span>
     <span class='ocr_line' id='line_1_17' title="bbox 145 1940 1167 2030; baseline 0.002 -20"><span class='ocrx_word' id='word_1_148' title='bbox 145 1943 248 2029; x_wconf 91' lang='grc' dir='ltr'><strong><em>μέσον</em></strong></span> <span class='ocrx_word' id='word_1_149' title='bbox 268 1940 371 2028; x_wconf 79' lang='grc' dir='ltr'><strong><em>λόγου</em></strong></span> <span class='ocrx_word' id='word_1_150' title='bbox 392 1942 597 2029; x_wconf 85' lang='grc' dir='ltr'><strong><em>τεμνομένης</em></strong></span> <span class='ocrx_word' id='word_1_151' title='bbox 615 1940 653 2010; x_wconf 88' lang='grc' dir='ltr'><strong><em>τὸ</em></strong></span> <span class='ocrx_word' id='word_1_152' title='bbox 672 1947 785 2029; x_wconf 79' lang='grc' dir='ltr'><strong><em>μεῖζον</em></strong></span> <span class='ocrx_word' id='word_1_153' title='bbox 808 1940 920 2029; x_wconf 78' lang='grc' dir='ltr'><strong><em>τμῆμά</em></strong></span> <span class='ocrx_word' id='word_1_154' title='bbox 938 1943 1030 2009; x_wconf 79' lang='grc' dir='ltr'><strong><em>ἐστιν</em></strong></span> <span class='ocrx_word' id='word_1_155' title='bbox 1050 1941 1073 2030; x_wconf 85' lang='grc' dir='ltr'><em>ἡ</em></span> <span class='ocrx_word' id='word_1_156' title='bbox 1096 1950 1167 2012; x_wconf 73' lang='grc' dir='ltr'><strong><em>ΤΦ.</em></strong></span> 
     </span>
     <span class='ocr_line' id='line_1_18' title="bbox 144 2046 1167 2136; baseline 0.005 -22"><span class='ocrx_word' id='word_1_157' title='bbox 144 2049 200 2115; x_wconf 83' lang='grc' dir='ltr'><strong><em>καὶ</em></strong></span> <span class='ocrx_word' id='word_1_158' title='bbox 224 2049 294 2116; x_wconf 82' lang='grc' dir='ltr'><strong><em>ἐπεὶ</em></strong></span> <span class='ocrx_word' id='word_1_159' title='bbox 317 2046 400 2134; x_wconf 72' lang='grc' dir='ltr'><strong><em>ῥητά</em></strong></span> <span class='ocrx_word' id='word_1_160' title='bbox 425 2050 515 2116; x_wconf 80' lang='grc' dir='ltr'><strong><em>ἐστιν</em></strong></span> <span class='ocrx_word' id='word_1_161' title='bbox 538 2046 559 2134; x_wconf 77' lang='grc' dir='ltr'><em>ἡ</em></span> <span class='ocrx_word' id='word_1_162' title='bbox 583 2053 643 2135; x_wconf 79' lang='grc' dir='ltr'><strong><em>τῆς</em></strong></span> <span class='ocrx_word' id='word_1_163' title='bbox 665 2052 810 2136; x_wconf 81' lang='grc' dir='ltr'><strong><em>σφαίρας</em></strong></span> <span class='ocrx_word' id='word_1_164' title='bbox 829 2048 1005 2136; x_wconf 85' lang='grc' dir='ltr'><strong><em>διάμετρος</em></strong></span> <span class='ocrx_word' id='word_1_165' title='bbox 1022 2056 1085 2118; x_wconf 89' lang='grc' dir='ltr'><strong><em>καί</em></strong></span> <span class='ocrx_word' id='word_1_166' title='bbox 1101 2054 1167 2119; x_wconf 78' lang='grc' dir='ltr'><strong><em>ἐστι</em></strong></span> 
     </span>
     <span class='ocr_line' id='line_1_19' title="bbox 146 2154 1168 2245; baseline 0.002 -23"><span class='ocrx_word' id='word_1_167' title='bbox 146 2154 288 2243; x_wconf 83' lang='grc' dir='ltr'><strong><em>δυνάμει</em></strong></span> <span class='ocrx_word' id='word_1_168' title='bbox 306 2160 513 2241; x_wconf 76' lang='grc' dir='ltr'><strong><em>τριπλασίων</em></strong></span> <span class='ocrx_word' id='word_1_169' title='bbox 531 2159 590 2242; x_wconf 75' lang='grc' dir='ltr'><strong><em>τῆς</em></strong></span> <span class='ocrx_word' id='word_1_170' title='bbox 607 2159 668 2223; x_wconf 83' lang='grc' dir='ltr'><strong><em>τοῦ</em></strong></span> <span class='ocrx_word' id='word_1_171' title='bbox 688 2154 797 2240; x_wconf 82' lang='grc' dir='ltr'><strong><em>κύβου</em></strong></span> <span class='ocrx_word' id='word_1_172' title='bbox 814 2159 974 2244; x_wconf 85' lang='grc' dir='ltr'><strong><em>πλευράς,</em></strong></span> <span class='ocrx_word' id='word_1_173' title='bbox 997 2157 1084 2244; x_wconf 79' lang='grc' dir='ltr'><strong><em>ῥητη</em></strong></span> <span class='ocrx_word' id='word_1_174' title='bbox 1103 2155 1168 2245; x_wconf 79' lang='grc' dir='ltr'><strong><em>ἄρα</em></strong></span> 
     </span>
     <span class='ocr_line' id='line_1_20' title="bbox 146 2252 1167 2352; baseline 0.006 -27"><span class='ocrx_word' id='word_1_175' title='bbox 146 2259 235 2326; x_wconf 85' lang='grc' dir='ltr'><strong><em>ἐστὶν</em></strong></span> <span class='ocrx_word' id='word_1_176' title='bbox 263 2258 284 2346; x_wconf 77' lang='grc' dir='ltr'><em>ἡ</em></span> <span class='ocrx_word' id='word_1_177' title='bbox 309 2263 377 2335; x_wconf 92' lang='grc' dir='ltr'><strong><em>ΝΞ</em></strong></span> <span class='ocrx_word' id='word_1_178' title='bbox 404 2260 530 2348; x_wconf 84' lang='grc' dir='ltr'><strong><em>πλευρά</em></strong></span> <span class='ocrx_word' id='word_1_179' title='bbox 560 2252 647 2330; x_wconf 84' lang='grc' dir='ltr'><strong><em>οὖσα</em></strong></span> <span class='ocrx_word' id='word_1_180' title='bbox 674 2264 736 2329; x_wconf 82' lang='grc' dir='ltr'><strong><em>τοῦ</em></strong></span> <span class='ocrx_word' id='word_1_181' title='bbox 765 2259 882 2347; x_wconf 84' lang='grc' dir='ltr'><strong><em>κύβου.</em></strong></span> <span class='ocrx_word' id='word_1_182' title='bbox 928 2259 988 2330; x_wconf 87' lang='grc' dir='ltr'><strong><em>έάυ</em></strong></span> <span class='ocrx_word' id='word_1_183' title='bbox 1016 2261 1057 2330; x_wconf 69' lang='grc' dir='ltr'><strong><em>δὲ</em></strong></span> <span class='ocrx_word' id='word_1_184' title='bbox 1086 2262 1167 2352; x_wconf 78' lang='grc' dir='ltr'><strong><em>ῥητὴ</em></strong></span> 
     </span>
     <span class='ocr_line' id='line_1_21' title="bbox 92 2362 1168 2456; baseline 0.006 -25"><span class='ocrx_word' id='word_1_185' title='bbox 92 2383 127 2433; x_wconf 78' lang='lat'><strong><em>20</em></strong></span> <span class='ocrx_word' id='word_1_186' title='bbox 145 2364 279 2450; x_wconf 81' lang='grc' dir='ltr'><strong><em>γραμμὴ</em></strong></span> <span class='ocrx_word' id='word_1_187' title='bbox 304 2362 410 2451; x_wconf 86' lang='grc' dir='ltr'><strong><em>άκρον</em></strong></span> <span class='ocrx_word' id='word_1_188' title='bbox 433 2367 489 2433; x_wconf 87' lang='grc' dir='ltr'><strong><em>καὶ</em></strong></span> <span class='ocrx_word' id='word_1_189' title='bbox 512 2368 616 2453; x_wconf 90' lang='grc' dir='ltr'><strong><em>μέσον</em></strong></span> <span class='ocrx_word' id='word_1_190' title='bbox 641 2366 745 2452; x_wconf 78' lang='grc' dir='ltr'><strong><em>λόγον</em></strong></span> <span class='ocrx_word' id='word_1_191' title='bbox 767 2371 882 2456; x_wconf 75' lang='grc' dir='ltr'><strong><em>τμηθῇ</em></strong></span> <span class='ocrx_word' id='word_1_192' title='bbox 889 2419 898 2452; x_wconf 92' lang='grc'><strong><em>,</em></strong></span> <span class='ocrx_word' id='word_1_193' title='bbox 922 2366 1083 2456; x_wconf 82' lang='grc' dir='ltr'><strong><em>ἑκάτερον</em></strong></span> <span class='ocrx_word' id='word_1_194' title='bbox 1100 2374 1168 2439; x_wconf 83' lang='grc' dir='ltr'><strong><em>των</em></strong></span> 
     </span>
     <span class='ocr_line' id='line_1_22' title="bbox 144 2469 770 2558; baseline 0.008 -23"><span class='ocrx_word' id='word_1_195' title='bbox 144 2469 324 2556; x_wconf 86' lang='grc' dir='ltr'><strong><em>τμημάτων</em></strong></span> <span class='ocrx_word' id='word_1_196' title='bbox 346 2469 470 2557; x_wconf 78' lang='grc' dir='ltr'><strong><em>άλογός</em></strong></span> <span class='ocrx_word' id='word_1_197' title='bbox 494 2474 586 2540; x_wconf 78' lang='grc' dir='ltr'><strong><em>ἐστιν</em></strong></span> <span class='ocrx_word' id='word_1_198' title='bbox 610 2471 770 2558; x_wconf 78' lang='grc' dir='ltr'><strong><em>ἀποτομή.</em></strong></span> 
     </span>
     <span class='ocr_line' id='line_1_23' title="bbox 207 2571 1168 2669; baseline 0.009 -27"><span class='ocrx_word' id='word_1_199' title='bbox 207 2572 253 2642; x_wconf 91' lang='grc' dir='ltr'><strong>Ἡ</strong></span> <span class='ocrx_word' id='word_1_200' title='bbox 275 2583 340 2643; x_wconf 73' lang='grc' dir='ltr'><strong><em>ΤΦ</em></strong></span> <span class='ocrx_word' id='word_1_201' title='bbox 362 2575 428 2663; x_wconf 81' lang='grc' dir='ltr'><strong><em>ἄρα</em></strong></span> <span class='ocrx_word' id='word_1_202' title='bbox 451 2578 577 2665; x_wconf 85' lang='grc' dir='ltr'><strong><em>πλευρά</em></strong></span> <span class='ocrx_word' id='word_1_203' title='bbox 601 2571 687 2646; x_wconf 82' lang='grc' dir='ltr'><strong><em>οὖσα</em></strong></span> <span class='ocrx_word' id='word_1_204' title='bbox 709 2582 771 2646; x_wconf 80' lang='grc' dir='ltr'><strong><em>τοῦ</em></strong></span> <span class='ocrx_word' id='word_1_205' title='bbox 792 2580 1026 2667; x_wconf 86' lang='grc' dir='ltr'><strong><em>δωδεκαέδρου</em></strong></span> <span class='ocrx_word' id='word_1_206' title='bbox 1044 2579 1168 2669; x_wconf 77' lang='grc' dir='ltr'><strong><em>ἄλογός</em></strong></span> 
     </span>
     <span class='ocr_line' id='line_1_24' title="bbox 146 2681 419 2769; baseline 0.004 -20"><span class='ocrx_word' id='word_1_207' title='bbox 146 2683 236 2749; x_wconf 83' lang='grc' dir='ltr'><strong><em>ἐστιν</em></strong></span> <span class='ocrx_word' id='word_1_208' title='bbox 259 2681 419 2769; x_wconf 81' lang='grc' dir='ltr'><strong><em>άποτομη.</em></strong></span> 
     </span>
    </p>
   </div>
   <div class='ocr_carea' id='block_1_4' title="bbox 103 2874 1170 3232">
    <p class='ocr_par' dir='ltr' id='par_1_4' title="bbox 147 2874 1168 3024">
     <span class='ocr_line' id='line_1_25' title="bbox 219 2874 1168 2954; baseline 0.011 -25"><span class='ocrx_word' id='word_1_209' title='bbox 219 2882 241 2931; x_wconf 92' lang='lat'><strong><em>1.</em></strong></span> <span class='ocrx_word' id='word_1_210' title='bbox 262 2874 295 2948; x_wconf 87' lang='grc' dir='ltr'><strong><em>η]</em></strong></span> <span class='ocrx_word' id='word_1_211' title='bbox 313 2894 367 2934; x_wconf 90' lang='lat' dir='ltr'><strong><em>om.</em></strong></span> <span class='ocrx_word' id='word_1_212' title='bbox 388 2894 413 2946; x_wconf 92' lang='lat' dir='ltr'><strong><em>q.</em></strong></span> <span class='ocrx_word' id='word_1_213' title='bbox 487 2884 513 2933; x_wconf 87' lang='lat'><strong><em>3.</em></strong></span> <span class='ocrx_word' id='word_1_214' title='bbox 532 2879 600 2934; x_wconf 76' lang='lat' dir='ltr'>Post</span> <span class='ocrx_word' id='word_1_215' title='bbox 618 2884 666 2947; x_wconf 80' lang='grc' dir='ltr'><strong><em>τῆς</em></strong></span> <span class='ocrx_word' id='word_1_216' title='bbox 685 2880 736 2934; x_wconf 80' lang='lat' dir='ltr'>ins.</span> <span class='ocrx_word' id='word_1_217' title='bbox 749 2878 809 2950; x_wconf 85' lang='grc' dir='ltr'><strong><em>μέν</em></strong></span> <span class='ocrx_word' id='word_1_218' title='bbox 828 2898 864 2937; x_wconf 91' lang='lat' dir='ltr'><strong><em>m.</em></strong></span> <span class='ocrx_word' id='word_1_219' title='bbox 884 2895 939 2934; x_wconf 80' lang='grc' dir='ltr'><strong><em>τοο.</em></strong></span> <span class='ocrx_word' id='word_1_220' title='bbox 958 2881 988 2935; x_wconf 91' lang='grc' dir='ltr'><strong><em>Ρ.</em></strong></span> <span class='ocrx_word' id='word_1_221' title='bbox 1070 2903 1168 2954; x_wconf 88' lang='grc' dir='ltr'><strong><em>τεμνο</em></strong></span> 
     </span>
     <span class='ocr_line' id='line_1_26' title="bbox 147 2946 1167 3040; baseline 0.008 -39"><span class='ocrx_word' id='word_1_222' title='bbox 147 2946 282 3017; x_wconf 85' lang='grc' dir='ltr'><strong><em>μένηςΡ;</em></strong></span> <span class='ocrx_word' id='word_1_223' title='bbox 301 2949 478 3005; x_wconf 40' lang='grc' dir='ltr'><strong><em>ἰλοωῙίωμό</em></strong></span> <span class='ocrx_word' id='word_1_224' title='bbox 553 2958 664 3020; x_wconf 86' lang='grc' dir='ltr'><strong><em>6.μτετ</em></strong></span> <span class='ocrx_word' id='word_1_225' title='bbox 664 2949 770 3020; x_wconf 83' lang='grc' dir='ltr'><strong><em>μένης</em></strong></span> <span class='ocrx_word' id='word_1_226' title='bbox 788 2951 838 3020; x_wconf 92' lang='lat' dir='ltr'>bq</span> <span class='ocrx_word' id='word_1_227' title='bbox 912 2957 936 3006; x_wconf 88' lang='grc'><strong><em>8.</em></strong></span> <span class='ocrx_word' id='word_1_228' title='bbox 962 2953 1035 3040; x_wconf 90' lang='grc' dir='ltr'><strong><em>ΝΟ]</em></strong></span> <span class='ocrx_word' id='word_1_229' title='bbox 1057 2955 1167 3011; x_wconf 91' lang='grc' dir='ltr'><strong><em>ΟΝΒ.</em></strong></span> 
     </span>
    </p>

    <p class='ocr_par' dir='ltr' id='par_1_5' title="bbox 103 3019 1170 3232">
     <span class='ocr_line' id='line_1_27' title="bbox 103 3019 1059 3107; baseline 0.004 -35"><span class='ocrx_word' id='word_1_230' title='bbox 103 3081 105 3086; x_wconf 28' lang='grc' dir='ltr'>Ι</span> <span class='ocrx_word' id='word_1_231' title='bbox 237 3022 289 3073; x_wconf 93' lang='grc' dir='ltr'><strong><em>ΟΡ</em></strong></span> <span class='ocrx_word' id='word_1_232' title='bbox 324 3019 423 3107; x_wconf 76' lang='lat' dir='ltr'>(prius)</span> <span class='ocrx_word' id='word_1_233' title='bbox 443 3036 458 3074; x_wconf 83' lang='lat' dir='ltr'>e</span> <span class='ocrx_word' id='word_1_234' title='bbox 478 3036 546 3075; x_wconf 83' lang='lat' dir='ltr'><strong>corr.</strong></span> <span class='ocrx_word' id='word_1_235' title='bbox 566 3020 604 3086; x_wconf 64' lang='grc' dir='ltr'><strong><em>Β,</em></strong></span> <span class='ocrx_word' id='word_1_236' title='bbox 632 3021 698 3075; x_wconf 83' lang='lat' dir='ltr'><strong>dein</strong></span> <span class='ocrx_word' id='word_1_237' title='bbox 717 3022 773 3076; x_wconf 87' lang='lat' dir='ltr'><strong><em>del</em></strong></span> <span class='ocrx_word' id='word_1_238' title='bbox 792 3019 891 3076; x_wconf 80' lang='grc' dir='ltr'><strong><em>καί</em></strong></span> <span class='ocrx_word' id='word_1_239' title='bbox 859 3043 895 3076; x_wconf 91' lang='grc' dir='ltr'><strong><em>τα</em></strong></span> <span class='ocrx_word' id='word_1_240' title='bbox 915 3019 1059 3080; x_wconf 86' lang='grc' dir='ltr'><strong><em>διπλάσια.</em></strong></span> 
     </span>
     <span class='ocr_line' id='line_1_28' title="bbox 147 3086 1169 3167; baseline 0.01 -25"><span class='ocrx_word' id='word_1_241' title='bbox 147 3094 172 3143; x_wconf 86' lang='grc'><strong><em>9.</em></strong></span> <span class='ocrx_word' id='word_1_242' title='bbox 192 3086 333 3153; x_wconf 86' lang='grc' dir='ltr'><strong><em>ίσάκις</em></strong></span> <span class='ocrx_word' id='word_1_243' title='bbox 316 3087 846 3163; x_wconf 76' lang='grc' dir='ltr'><strong><em>ωσαυτωςΒ.10.ὡς]καὶὼςλ)</em></strong></span> <span class='ocrx_word' id='word_1_244' title='bbox 922 3098 963 3148; x_wconf 85' lang='grc'><strong><em>15.</em></strong></span> <span class='ocrx_word' id='word_1_245' title='bbox 983 3095 1046 3154; x_wconf 94' lang='grc' dir='ltr'><em>ΝΞ</em></span> <span class='ocrx_word' id='word_1_246' title='bbox 1018 3092 1169 3167; x_wconf 77' lang='grc' dir='ltr'><strong><em>άραη.</em></strong></span> 
     </span>
     <span class='ocr_line' id='line_1_29' title="bbox 221 3159 1170 3232; baseline 0.008 -17"><span class='ocrx_word' id='word_1_247' title='bbox 221 3167 262 3216; x_wconf 82' lang='grc'><strong><em>16.</em></strong></span> <span class='ocrx_word' id='word_1_248' title='bbox 281 3159 456 3232; x_wconf 82' lang='grc' dir='ltr'><strong><em>τετμημένης</em></strong></span> <span class='ocrx_word' id='word_1_249' title='bbox 473 3162 523 3231; x_wconf 93' lang='lat' dir='ltr'>bq.</span> <span class='ocrx_word' id='word_1_250' title='bbox 580 3165 678 3218; x_wconf 79' lang='grc' dir='ltr'><strong><em>ΦΤΡ.</em></strong></span> <span class='ocrx_word' id='word_1_251' title='bbox 731 3168 772 3218; x_wconf 79' lang='grc'><strong><em>17.</em></strong></span> <span class='ocrx_word' id='word_1_252' title='bbox 793 3159 868 3219; x_wconf 75' lang='grc' dir='ltr'><strong><em>ἔστιν</em></strong></span> <span class='ocrx_word' id='word_1_253' title='bbox 887 3162 946 3218; x_wconf 90' lang='grc' dir='ltr'><strong><em>ΡΒ.</em></strong></span> <span class='ocrx_word' id='word_1_254' title='bbox 996 3165 1039 3221; x_wconf 78' lang='lat' dir='ltr'><strong><em>De</em></strong></span> <span class='ocrx_word' id='word_1_255' title='bbox 1060 3169 1170 3225; x_wconf 82' lang='lat' dir='ltr'><strong>scholio</strong></span> 
     </span>
    </p>
   </div>
   <div class='ocr_carea' id='block_1_5' title="bbox 148 3258 1170 3396">
    <p class='ocr_par' dir='ltr' id='par_1_6' title="bbox 148 3258 1170 3396">
     <span class='ocr_line' id='line_1_30' title="bbox 148 3258 1170 3396; baseline 0.009 -76"><span class='ocrx_word' id='word_1_256' title='bbox 148 3267 296 3333; x_wconf 81' lang='lat' dir='ltr'>quodam</span> <span class='ocrx_word' id='word_1_257' title='bbox 287 3284 318 3321; x_wconf 89' lang='lat' dir='ltr'><strong>m</strong></span> <span class='ocrx_word' id='word_1_258' title='bbox 336 3269 358 3322; x_wconf 94' lang='lat' dir='ltr'><strong>P</strong></span> <span class='ocrx_word' id='word_1_259' title='bbox 377 3269 424 3324; x_wconf 77' lang='lat' dir='ltr'><strong><em>hio</em></strong></span> <span class='ocrx_word' id='word_1_260' title='bbox 442 3268 584 3356; x_wconf 72' lang='lat' dir='ltr'>adscriptq</span> <span class='ocrx_word' id='word_1_261' title='bbox 603 3289 630 3327; x_wconf 90' lang='lat' dir='ltr'><strong><em>u.</em></strong></span> <span class='ocrx_word' id='word_1_262' title='bbox 649 3287 721 3396; x_wconf 83' lang='lat' dir='ltr'>app.</span> <span class='ocrx_word' id='word_1_263' title='bbox 839 3277 882 3327; x_wconf 82' lang='lat'><strong><em>20</em></strong></span> <span class='ocrx_word' id='word_1_264' title='bbox 901 3258 1070 3361; x_wconf 66' lang='grc' dir='ltr'><strong><em>ηραμμη]“</em></strong></span> <span class='ocrx_word' id='word_1_265' title='bbox 1049 3294 1067 3342; x_wconf 76' lang='grc' dir='ltr'><em>γ</em></span> <span class='ocrx_word' id='word_1_266' title='bbox 1084 3295 1124 3344; x_wconf 90' lang='grc' dir='ltr'><strong><em>μη</em></strong></span> <span class='ocrx_word' id='word_1_267' title='bbox 1143 3277 1170 3345; x_wconf 96' lang='lat' dir='ltr'>b</span> 
     </span>
    </p>
   </div>
   <div class='ocr_carea' id='block_1_6' title="bbox 147 3333 1170 3551">
    <p class='ocr_par' dir='ltr' id='par_1_7' title="bbox 147 3333 1170 3551">
     <span class='ocr_line' id='line_1_31' title="bbox 147 3333 1107 3428; baseline 0.008 -39"><span class='ocrx_word' id='word_1_268' title='bbox 147 3352 217 3390; x_wconf 81' lang='lat' dir='ltr'><strong>corr.</strong></span> <span class='ocrx_word' id='word_1_269' title='bbox 236 3356 273 3394; x_wconf 91' lang='lat' dir='ltr'><strong>m</strong></span> <span class='ocrx_word' id='word_1_270' title='bbox 294 3345 323 3407; x_wconf 78' lang='lat'><strong><em>13</em></strong></span> <span class='ocrx_word' id='word_1_271' title='bbox 343 3333 448 3395; x_wconf 75' lang='grc' dir='ltr'><strong><em>εὐθεῖα</em></strong></span> <span class='ocrx_word' id='word_1_272' title='bbox 460 3360 520 3428; x_wconf 79' lang='grc' dir='ltr'><strong><em>γρα</em></strong></span> <span class='ocrx_word' id='word_1_273' title='bbox 562 3337 625 3410; x_wconf 65' lang='lat' dir='ltr'><strong><em>qq</em></strong></span> <span class='ocrx_word' id='word_1_274' title='bbox 691 3338 870 3413; x_wconf 74' lang='grc' dir='ltr'><strong><em>τέ.τμηταιη</em></strong></span> <span class='ocrx_word' id='word_1_275' title='bbox 935 3337 1058 3413; x_wconf 74' lang='grc' dir='ltr'><strong><em>ἑκατέρα</em></strong></span> <span class='ocrx_word' id='word_1_276' title='bbox 1079 3365 1107 3416; x_wconf 91' lang='lat' dir='ltr'>q</span> 
     </span>
     <span class='ocr_line' id='line_1_32' title="bbox 147 3360 1170 3488; baseline 0.012 -28"><span class='ocrx_word' id='word_1_277' title='bbox 147 3410 191 3462; x_wconf 77' lang='lat'><strong><em>21.</em></strong></span> <span class='ocrx_word' id='word_1_278' title='bbox 211 3403 286 3463; x_wconf 74' lang='grc' dir='ltr'><strong><em>ἔστιν</em></strong></span> <span class='ocrx_word' id='word_1_279' title='bbox 304 3360 610 3481; x_wconf 48' lang='grc' dir='ltr'><strong><em>ἡκαλονμέυηδδμληη,</em></strong></span> <span class='ocrx_word' id='word_1_280' title='bbox 635 3428 737 3468; x_wconf 82' lang='lat' dir='ltr'>eeorr.</span> <span class='ocrx_word' id='word_1_281' title='bbox 757 3431 794 3468; x_wconf 89' lang='lat' dir='ltr'><strong><em>m.</em></strong></span> <span class='ocrx_word' id='word_1_282' title='bbox 814 3414 880 3468; x_wconf 83' lang='lat'><strong><em>213.</em></strong></span> <span class='ocrx_word' id='word_1_283' title='bbox 990 3419 1034 3468; x_wconf 81' lang='lat'><strong><em>23</em></strong></span> <span class='ocrx_word' id='word_1_284' title='bbox 1055 3411 1170 3488; x_wconf 72' lang='grc' dir='ltr'><strong><em>ἐστινὴ</em></strong></span> 
     </span>
     <span class='ocr_line' id='line_1_33' title="bbox 147 3407 409 3551; baseline 0.02 -21"><span class='ocrx_word' id='word_1_285' title='bbox 147 3407 323 3549; x_wconf 77' lang='grc' dir='ltr'><strong><em>καλουμένηὴ</em></strong></span> <span class='ocrx_word' id='word_1_286' title='bbox 327 3479 409 3551; x_wconf 86' lang='lat' dir='ltr'>Vbq.</span> 
     </span>
    </p>
   </div>
   <div class='ocr_carea' id='block_1_7' title="bbox 83 3592 210 3690">
    <p class='ocr_par' dir='ltr' id='par_1_8' title="bbox 83 3592 210 3690">
     <span class='ocr_line' id='line_1_34' title="bbox 83 3592 210 3690; baseline 0.008 -38"><span class='ocrx_word' id='word_1_287' title='bbox 83 3592 210 3690; x_wconf 52' lang='grc' dir='ltr'>ι</span> <span class='ocrx_word' id='word_1_288' title='bbox 203 3646 207 3653; x_wconf 93' lang='grc'>.</span> 
     </span>
    </p>
   </div>
   <div class='ocr_carea' id='block_1_8' title="bbox 0 0 1242 3952">
    <p class='ocr_par' dir='ltr' id='par_1_9' title="bbox 0 0 1242 3952">
     <span class='ocr_line' id='line_1_35' title="bbox 0 0 1242 3952; baseline 0 0"><span class='ocrx_word' id='word_1_289' title='bbox 0 0 1242 3952; x_wconf 95' lang='lat' dir='ltr'><strong><em> </em></strong></span> 
     </span>
    </p>
   </div>
  </div>
 </body>
</html>
