2468 3952
152 219 217 286 198
521 221 724 273 εοοωιειαα
742 214 793 292 ιγ’.

133 357 170 448 ἢ
198 387 236 430 το
261 358 364 448 ήμισυ
392 366 453 430 τοῦ
481 360 615 429 κύκλου.
661 358 830 429 ἀνεστάτω
853 359 919 429 ἀπὸ
943 365 1004 428 τοϋ
1029 367 1166 428 ΕΖΗΘ

149 468 361 557 τετραγώνου
388 467 533 555 πυραμὶς
561 466 705 554 ἰσοϋψὴς
731 471 776 559 τῷ
804 466 915 557 κώνῳ·
942 464 963 552 ή
992 465 1056 551 ἀρα
1084 465 1166 533 ἀνα-

149 584 311 643 σταθεῖσα
338 574 482 662 πυραμὶς
510 579 630 660 μείζων
658 574 749 642 ἐστὶν
776 570 797 660 ή
825 572 863 641 τὸ
887 574 991 660 ήμισυ
1017 577 1079 640 τοϋ
1102 571 1167 642 κώ-

149 707 228 767 νου,
262 681 437 770 ἐπειδήπερ
466 679 525 749 ἐὰν
558 680 817 768 περιγράψωμεν
850 681 924 767 περὶ
952 678 1012 748 τὸν
1039 679 1166 748 κύκλον

114 786 377 873 στετράγωνον,
408 787 464 854 καὶ
496 783 556 854 ἀπ’
586 784 693 854 αύτοῦ
720 784 962 873 ἀναστήσωμεν
994 789 1168 872 πυραμίδα

149 898 275 980 ἰσοϋψή
302 896 348 984 τῷ
376 892 490 985 κώνφ,
517 890 539 979 ἡ
564 895 768 980 ἐγγραφεῖσα
797 893 943 981 πυραμὶς
969 892 1073 979 ήμισύ
1097 894 1169 960 ἐστι

147 1002 206 1086 τής
239 1004 510 1087 περιγραφείσης·
547 998 631 1086 πρὸς
662 996 806 1084 ἀλλήλας
837 1001 901 1086 γάρ
934 1004 1020 1067 εἰσιν
1053 996 1098 1079 ώς
1132 1002 1170 1067 αἰ

148 1105 278 1191 βάσεις·
302 1104 447 1174 ἐλάττων
471 1104 509 1173 δὲ
532 1103 550 1174 ὃ
574 1109 683 1185 κώνος
706 1109 764 1192 τής
786 1111 1045 1193 περιγραφείσης
1063 1129 1166 1194 πυρα·

149 1215 254 1298 μίδος.
308 1211 550 1300 τετμήσθωσαν
583 1214 621 1279 αί
646 1219 724 1297 ΕΖ,
758 1218 840 1297 ΖΗ,
872 1219 954 1297 ΗΘ,
987 1220 1052 1280 ΘΕ
1077 1236 1166 1300 περι-

97 1337 130 1385 10
149 1317 281 1405 φίρειαι
295 1322 372 1404 δίχα
385 1315 578 1403 κατάπάθ,
590 1325 638 1404 Π,
653 1325 694 1404 Ρ,
709 1325 744 1384 Σ
753 1330 884 1406 σημεῖα,
897 1318 953 1385 καὶ
968 1316 1168 1405 ἐπεζεύχθω-

149 1441 213 1490 ‹sm›
247 1426 284 1490 αι
315 1430 393 1509 οο,
427 1430 505 1509 οε,
538 1430 622 1509 Eu,
651 1429 733 1508 ιιι,
761 1431 835 1509 ΖΡ,
863 1430 944 1510 ΡΗ,
972 1431 1059 1510 ΗΣ,
1093 1433 1167 1493 Σο.

149 1529 289 1596 ἑκαστον
312 1527 379 1617 ἀρα
401 1533 469 1597 τών
493 1536 609 1614 ΘΟΕ,
639 1536 756 1614 ΕΠΖ,
781 1537 894 1616 ΖΡΗ,
918 1537 1026 1598 ΗΣΘ
1048 1530 1168 1618 τριγώ-

148 1661 219 1702 νων
247 1634 362 1723 μεῖζόν
389 1637 479 1704 ἐστιν
511 1631 532 1722 ή
563 1634 601 1703 τὸ
629 1635 734 1722 ήμισυ
761 1646 822 1704 τοῦ
849 1635 929 1705 καθ’
961 1637 1060 1707 ἑαυτὸ
1088 1640 1168 1724 τμή-

149 1766 252 1827 ματος
272 1745 335 1810 τού
357 1741 492 1809 κύκλου.
530 1739 699 1809 ἀνεστάτω
724 1738 778 1828 ἐφ’
804 1741 947 1810 ἑκάστου
963 1747 1033 1811 τών
1053 1751 1167 1830 ΘΟΕ,

96 1869 130 1919 15
150 1853 267 1934 ΕΠΖ,
297 1854 412 1934 ΖΡΗ,
440 1854 546 1915 ΗΣΘ
572 1847 747 1934 τριγώνων
775 1849 920 1937 πυραμὶς
950 1849 1093 1935 ἰσοϋψὴς
1119 1855 1166 1943 τῷ

148 1953 258 2046 κώνω·
282 1955 338 2021 καὶ
361 1952 482 2039 ἑκάστη
506 1951 572 2041 άρα
593 1957 662 2020 τών
685 1951 944 2022 ἀνασταθεισῶν
966 1960 1167 2042 πυραμίδων

149 2066 268 2147 μείζων
297 2060 388 2129 ἐστὶν
414 2055 436 2147 ἢ
465 2058 503 2127 τὸ
526 2056 631 2146 ήμισυ
656 2063 719 2127 τοϋ
741 2057 821 2128 καθ’
852 2059 976 2147 ἑαυτήν
998 2061 1168 2148 τμήματος

147 2169 209 2234 τοῦ
241 2165 362 2234 κώνου.
408 2165 584 2252 τέμνοντες
616 2163 658 2251 δή
690 2164 750 2245 τὰς
782 2165 1047 2256 ὑπολειπομένας
1079 2192 1168 2256 περι-

149 2276 283 2357 φερείας
308 2275 384 2357 δίχα
402 2271 458 2338 καὶ
477 2271 727 2356 ἐπιζευγνύντες
745 2270 882 2352 εὐθείας
899 2273 955 2340 καί
973 2274 1169 2356 ἀνιστάντες

96 2398 130 2447 7ο
150 2377 202 2444 ἐπὶ
230 2374 374 2444 ἑκάστου
405 2379 473 2444 τών
505 2374 681 2462 τριγώνων
712 2383 904 2467 πυραμίδας
935 2384 1086 2462 ἰσοϋψεῖς
1119 2385 1166 2473 τῷ

148 2480 246 2573 κώνω
283 2482 339 2549 καὶ
375 2481 427 2550 ἀεὶ
462 2486 562 2551 τοϋτο
598 2488 774 2565 ποιοῦντες
809 2487 1054 2573 καταλείψομέν
1090 2513 1168 2555 τινα

222 2672 391 2732 6ἔστινΡ.
479 2684 503 2732 7.
522 2675 573 2733 ἀλλ
575 2679 674 2768 ηλαΒ,
694 2697 763 2734 corr
782 2699 819 2734 m
839 2685 865 2768 7
947 2687 971 2736 8.
992 2675 1166 2738 ἰλάσσωνΡ.

221 2747 290 2803 Post
306 2749 471 2836 πυραμίδος
483 2746 580 2804 adds
563 2770 584 2836 η
604 2770 663 2838 αρα
682 2752 820 2840 πυραμίς,
847 2740 882 2818 ής
900 2747 1025 2822 βάσις
998 2771 1030 2806 το
1049 2755 1168 2808 ΕΖΗΘ

40 2845 41 2849 ¹
149 2815 338 2904 τετράγωνον,
356 2817 475 2908 κορυφή
500 2816 570 2876 δὲ
556 2841 574 2890 η
594 2816 667 2890 αύτὴ
692 2822 730 2892 τῷ
754 2820 848 2893 κώνῳ,
871 2823 974 2908 μείζων
998 2818 1113 2878 ἐστίν
1095 2843 1113 2892 η
1134 2820 1166 2878 τδ

148 2885 235 2961 ἥμισυ
254 2891 305 2946 τοϋ
324 2888 417 2948 κώνου
435 2891 498 2962 Vq,
523 2910 579 2963 mg.
599 2912 636 2947 m.
656 2893 722 2946 7Β.
796 2874 838 2948 16.
857 2889 905 2964 τά]
926 2889 1004 2962 τόη.
1077 2898 1108 2962 P,
1127 2895 1168 2967 Σ]

149 2978 219 3018 corr.
238 2965 333 3029 exH,
352 2966 428 3019 Pm.
447 2935 556 3050 7εοῖΡέ
635 2968 677 3017 11.
698 2963 764 3035 ΟΕ]
787 2965 901 3052 ΘΕη.
968 2970 1010 3018 17.
1030 2967 1167 3034 ΗΕΘη

218 3039 260 3088 13
280 3001 403 3090 αὐτόν
477 3039 519 3088 14.
538 3029 557 3088 ἀ
587 3031 675 3104 ’,Βη
705 3030 827 3090 uerba'
810 3029 864 3104 αφ’
886 3029 1007 3090 ἑκάστου
1027 3053 1112 3106 supra
1130 3053 1167 3092 m

150 3105 206 3159 2V
229 3105 353 3193 (uidetur
375 3104 462 3159 fuisse
486 3100 536 3194 ἐφ’
557 3055 686 3192 ἑκάστφδ.
797 3112 838 3162 16.
866 3106 932 3177 καί]
952 3124 1006 3161 om.
1025 3107 1058 3161 V

155 3181 197 3230 17
217 3174 301 3246 μέρος
318 3174 422 3230 τοϋδῙ.
484 3173 614 3261 εαυτήν]
634 3194 704 3233 corr.
722 3176 753 3231 in
772 3169 857 3231 ἑαυτό
876 3177 915 3244 V;
936 3172 1023 3233 ἑαυτό
1042 3195 1111 3233 corr
1133 3194 1169 3232 ex

151 3265 254 3301 εαυτου
273 3248 303 3302 Ρ
376 3251 419 3303 70.
440 3241 547 3319 ἑκάστῳ
566 3247 600 3302 V.
