2468 3952
502 199 684 251 APPENDIX
701 200 738 252 11.
1059 197 1123 262 421

107 344 379 426 τεταρτημορίων
405 338 446 407 τά
475 337 560 407 αύτὸι
588 338 902 426 κατασκευάσωμεν,
935 341 1051 426 ἕξομεν
1079 345 1127 421 είς

107 445 173 532 τὴν
190 451 326 532 μείζονα
340 459 488 535 σφαῖραν
508 443 643 533 στερεὸν
658 444 847 534 πολύεδρον
860 446 917 513 καλ
930 442 1125 532 άρτιύπλευ-

109 578 171 636 ρον
191 552 458 640 ἐγγεγραμμένον
481 551 527 638 μὴ
551 554 665 633 ψαῦον
686 555 745 638 τῆς
767 551 950 632 ἐλάσσονος
973 557 1125 640 σφαίρας.

173 655 252 725 Ἐάν
271 661 313 746 δὴ
333 662 380 738 είς
399 659 515 746 ἑτέραν
533 667 682 745 σφαῖραν
701 661 747 750 τῷ
768 659 805 726 ἐν
823 661 863 746 τῇ
883 664 980 726 ΒΓΔ
999 664 1126 749 σφαίρᾳ

109 769 230 857 στερεῷ
261 766 436 855 πολυέδρῳ
470 763 589 851 ὅμοιον
622 762 758 853 στερεὸν
790 763 980 854 πολύεδρον
1008 764 1125 852 ἐγγρά-

109 885 237 958 ψωμεν,
266 875 358 938 ἔσται
387 870 506 956 ἑκάστη
534 875 603 939 τῶν
626 874 825 957 πυραμίδων
848 874 917 939 τάν
940 870 1040 955 βάσιν
1063 870 1125 956 μὲν

108 980 258 1065 ἐχουσῶν
286 974 326 1044 τά
349 981 503 1062 ΜΓΟΤ,
534 983 640 1043 Yon
646 983 686 1062 T,
719 983 854 1044 ΤΠΡΣ
879 976 935 1043 καὶ
961 976 999 1044 τὸ
1023 983 1129 1045 ΝΟΡ

106 1089 289 1170 τρίγωνον,
316 1081 471 1170 κορυφὴν
495 1081 533 1150 δδ
555 1081 593 1150 τὸ
617 1091 649 1150 Α
676 1095 827 1169 σημεῖον,
856 1080 956 1169 ὁμοία
982 1092 1022 1172 τῇ
1046 1081 1125 1169 ὁμο-

107 1202 203 1274 ταγεῖ
223 1193 396 1277 πυραμίδι.
427 1193 465 1256 αί
487 1188 524 1256 δὲ
542 1186 657 1275 ὁμοιαι
675 1193 861 1278 πυραμίδες
878 1192 961 1275 πρὸς
980 1187 1125 1276 ἀλλήλας

106 1300 328 1385 τριπλασίονα
355 1293 459 1380 λόγον
486 1299 621 1381 ἔχουσιν
648 1292 733 1381 ἤπερ
760 1292 781 1381 ἡ
810 1292 975 1381 ὁμόλογος
997 1293 1123 1383 πλευρά

107 1401 191 1488 πρὸς
215 1401 276 1487 τὴν
300 1398 468 1488 ὁμόλογον
490 1398 650 1488 πλευράν.
697 1400 817 1488 ἑκάστη
840 1400 908 1487 άρα
929 1404 998 1470 τῶν
1020 1425 1122 1488 πυρα-

108 1511 217 1596 μίδων
240 1519 309 1575 τοῖν
331 1506 433 1594 βάσιν
450 1510 519 1574 τάν
538 1506 639 1592 βάσιν
658 1505 720 1593 μὲν
739 1507 888 1593 ἔχουσάν
906 1506 947 1575 τά
968 1513 1074 1574 ΜΓΟ
1082 1515 1122 1593 Υ,

109 1621 260 1699 YOIIT,
288 1620 357 1682 ΤΠ
362 1620 427 1680 ΡΣ
447 1612 672 1702 τετράπλευρα
694 1613 749 1680 καί
767 1611 806 1680 τὸ
825 1618 864 1681 Ν
866 1619 933 1680 ΣΡ
946 1618 1123 1699 τρίγωνον,

106 1719 262 1807 κορυφὴν
281 1718 319 1787 δὲ
336 1720 374 1787 τὸ
390 1725 423 1785 A
437 1732 587 1805 σημεῖον,
604 1718 688 1805 πρὸς
701 1717 843 1804 ἑκάστην
861 1723 929 1787 τῶν
948 1719 1123 1806 ὁμοταγῶν

105 1830 306 1914 πυραμίδων
328 1825 580 1915 τριπλασίοναί)
603 1824 707 1910 λόγον
731 1829 796 1912 ἔχει
818 1823 902 1910 ἥπερ
921 1824 942 1912 ἡ
961 1831 1022 1893 ΓΑ
1041 1825 1123 1914 πρὸς

106 1932 169 2020 τὴν
202 1935 238 2000 ἐκ
269 1935 330 2000 τοῦ
358 1932 499 2019 κέντρου
525 1933 583 2018 τῆς
610 1930 722 2017 ἑτέρας
751 1936 903 2020 σφαίρας.
952 1931 1008 1997 καὶ
1040 1930 1122 2000 ὅλον
1209 1984 1217 1997 .

107 2037 173 2127 άρα
196 2037 233 2106 τὸ
257 2037 446 2127 πολύεδρον
464 2041 684 2123 τριπλασίονα
701 2037 807 2122 λόγον
829 2042 895 2125 ἔχει
917 2035 1001 2123 ἤπερ
1025 2036 1121 2123 ηΓΑ
1160 2084 1166 2095 -

106 2143 191 2232 πρὸς
213 2144 276 2230 τὴν
301 2146 336 2212 ἐκ
358 2153 420 2211 τοῦ
442 2145 583 2230 κέντρου
605 2147 663 2230 τῆς
687 2144 799 2229 ἑτέρας
822 2147 974 2230 σφαίρας.
1015 2141 1061 2224 άς
1084 2145 1121 2214 δὲ

106 2250 127 2337 ἡ
152 2256 212 2318 ΓΑ
235 2249 319 2337 πρὸς
341 2249 404 2336 τὴν
432 2252 468 2317 ἐκ
489 2259 550 2317 τοῦ
573 2250 714 2339 κέντρου
741 2253 798 2336 τῆς
825 2250 938 2337 ἑτέρας
965 2256 1120 2338 σφαίρας,

108 2355 215 2436 οὕτως
238 2353 342 2443 ἡΓΛ
363 2354 448 2444 πρὸς
469 2353 533 2441 τὴν
557 2354 736 2443 διάμετρον
755 2359 814 2442 τῆς
837 2356 949 2441 ἑτέρας
968 2362 1121 2446 σφαίρας.

106 2463 162 2530 καλ
187 2464 268 2537 ὅλον
292 2460 359 2551 άρα
381 2459 418 2529 τὸ
443 2460 633 2547 πολύεδρον
660 2459 744 2548 πρὸς
767 2460 849 2529 ὁλον
871 2458 909 2530 τὸ
932 2463 1121 2553 πολύεδρον

107 2574 325 2657 τριπλασίονα
357 2567 462 2654 λόγον
493 2571 559 2653 ἔχει
591 2565 673 2656 ἥπερ
701 2565 722 2653 ἡ
750 2573 813 2634 ΓΛ
843 2568 928 2657 πρὸς
958 2568 1020 2657 τὴν
1049 2570 1121 2639 διά-

107 2700 229 2760 μετρον
252 2679 310 2760 τῆς
334 2678 493 2763 σφαίραςε
507 2705 543 2731 «ν

174 2872 221 2936 Ac
252 2879 392 2957 σφαῖραι
424 2864 507 2952 πρὸς
539 2865 684 2953 άλλήλας
721 2869 757 2936 ἐν
789 2860 999 2955 τριπλασίονι
1032 2870 1120 2962 λόγω
1140 2897 1172 2947 17

105 2976 171 3044 είσὶ
194 2979 262 3044 τάν
286 2976 482 3061 διαμέτρων.

174 3084 323 3148 ἔστωσαν
351 3093 492 3166 σφαῖραι
525 3083 562 3146 αί
586 3086 700 3166 ΑΒΓ,
732 3088 849 3167 ΔΕΖ,
880 3080 1051 3171 διάμετροι
1083 3083 1121 3151 δὲ

104 3190 173 3256 τῶν
188 3192 302 3270 ΑΒΓ,
323 3191 424 3253 ΔΕΖ
443 3189 598 3273 σφαιρῶν
617 3189 766 3255 ἔστωσαν
785 3189 823 3255 αί
834 3193 911 3274 ΒΓ,
930 3194 1001 3257 ΕΖ.
1024 3189 1120 3274 λέγω,

105 3291 158 3362 ὁτι
181 3290 202 3378 ἡ
225 3297 328 3360 ΑΒΓ
347 3305 474 3380 σφαῖρα
497 3291 582 3380 πρὸς
603 3291 666 3379 τὴν
690 3300 791 3361 ΔΕΖ
814 3307 963 3381 σφαῖραν
986 3303 1120 3384 τριπλα·

106 3405 204 3467 σίονα
227 3397 331 3483 λόγον
355 3402 421 3485 ἔχει
444 3396 527 3486 ἥπερ
551 3425 572 3485 η
597 3405 662 3467 ΒΓ
680 3397 764 3488 πρὸς
787 3398 849 3487 τὴν
873 3409 944 3468 ΕΖ.

179 3544 205 3608 1)
225 3540 299 3596 Corr.
318 3554 353 3594 ex
371 3536 521 3610 τριπλάσια
540 3557 576 3597 m.
598 3544 620 3594 1.
