2468 3952
49 190 55 200 ’
156 218 202 283 36
534 211 734 266 mmmm<
753 207 803 265 ια’.

223 356 313 426 Ἐπεὶ
342 350 406 425 οὑν
434 355 497 423 δύο
527 352 658 423 εὐθεῖαι
686 351 898 441 παράλληλοί
921 355 1008 419 εἰσιν
1031 353 1068 419 αί
1090 359 1162 418 ΑΔ
1175 418 1184 452 a

163 460 288 549 fij}
313 462 350 530 δέ
378 468 436 549 μία
460 459 572 529 αὑτων
602 457 622 547 ἡ
647 465 713 527 ΒΓ
731 462 776 549 τῷ
800 455 1008 548 ὑποκειμένῳ
1037 458 1184 547 ἐπιπέδῳ

162 568 245 659 πρὸς
273 567 380 657 ἀρθάς
408 571 507 655 ἐστιν,
535 567 590 634 καὶ
617 564 638 652 ἡ
667 563 765 652 λοιπὴ
794 563 860 652 ἀρα
887 561 908 649 ἡ
932 571 1003 630 ΑΔ
1032 567 1078 656 τῳ
1102 559 1185 632 ὑπο.

161 677 304 766 κειμένῳ
328 676 470 764 ἐπιπέδῳ
494 671 577 762 πρὸς
602 669 714 760 ἀρθείς
737 674 836 740 ἐστιν.
1081 685 1085 692 “

124 811 141 861 r,
230 785 283 874 Τῷ
307 779 374 869 ἀρα
401 780 539 848 δοθέντι
564 778 705 868 ἐπιπέδῳ
729 774 794 844 ἀπὸ
817 780 879 844 τοῦ
902 773 985 863 πρὸς
1010 773 1102 867 αὑτῷ
1128 796 1185 862 ση-

162 895 259 975 μείου
281 891 342 956 τοῦ
366 897 399 954 Α
421 883 505 974 πρὸς
529 881 638 972 ὀρθὰς
660 882 836 951 ἀνέσταται
859 880 880 968 ἡ
900 890 985 950 ΑΛ·
1011 879 1094 968 ὅπερ
1117 885 1185 949 ἔδει

165 999 311 1081 ποιῆσαι.
686 1078 694 1102 Ι

647 1106 705 1165 ιν.

229 1186 318 1255 Ἀπὸ
348 1189 417 1254 τοῦ
446 1183 572 1253 αὑτοῦ
602 1189 768 1272 σημείου
794 1186 845 1275 τῳ
879 1179 981 1275 αὑτῳ
1012 1184 1183 1274 ἐπιπέδῳ

113 1323 145 1372 10
166 1294 237 1363 δύο
262 1290 420 1360 εὐθεῖαι
443 1291 539 1379 πρὸς
562 1288 687 1379 ὀρθὰς
710 1288 784 1358 οὑκ
806 1285 1103 1392 ἀναστήσονται
1123 1289 1184 1357 ἐπὶ

164 1399 209 1469 τά
233 1396 330 1467 αὑτὰ
354 1398 464 1485 μέρη.
589 1485 595 1492 .

233 1509 277 1572 Εί
303 1501 367 1590 γὰρ
393 1502 554 1588 δυνατόν,
582 1500 646 1570 ἀπὸ
675 1506 736 1570 τοῦ
764 1499 870 1570 αὑτοῦ
900 1505 1040 1589 σημείου
1065 1503 1128 1568 τοὺ
1152 1509 1184 1567 A

165 1615 210 1702 τῷ
235 1608 442 1699 ὑποκειμένῳ
467 1610 608 1698 ἐπιπέδῳ
629 1609 692 1676 δύο
711 1605 842 1676 εὐθεῖαι
861 1610 899 1675 αί
915 1615 998 1693 ΑΒ,
1018 1614 1050 1673 Α
1056 1613 1088 1674 Γ
1101 1604 1185 1695 πρὸς

168 1715 276 1804 ὀρθὰς
298 1713 535 1783 ἀνεστάτωσαν
559 1714 611 1784 ἐπὶ
633 1712 674 1782 τδι
695 1711 778 1781 αὑτά
798 1716 896 1802 μέρη,
919 1713 975 1780 καὶ
994 1700 1126 1800 διήχθω
1146 1712 1183 1781 τὸ

116 1850 148 1901 15
167 1822 224 1891 διά
257 1825 326 1890 τῶν
353 1826 433 1906 ΒΑ,
464 1826 533 1888 ΑΓ
557 1823 729 1889 ἐπίπεδον·
760 1820 867 1906 τομὴν
897 1819 938 1907 δὴ
967 1819 1099 1907 ποιήσει
1127 1817 1185 1886 διά

167 1934 228 1999 τοῦ
253 1937 283 1996 Α
311 1930 348 1996 ἐν
375 1931 422 2019 τῷ
449 1924 656 2018 ὑποκειμένῳ
684 1928 827 2018 ἐπιπέδῳ
856 1923 1004 1995 εὐθεῖαν.
1050 1931 1183 1995 ποιείτω

167 2035 230 2122 τὴν
255 2038 370 2102 ΙΔΑΕ·
404 2037 441 2101 αί
466 2031 532 2120 ἀρα
555 2041 636 2119 AB,
669 2040 745 2119 ΑΓ,
773 2041 882 2101 ΔΑΕ
907 2030 1037 2101 εὐθεῖαι
1067 2035 1104 2101 ἐν
1133 2034 1188 2101 ἑνί

169 2147 254 2209 εἰσιν
284 2141 435 2230 ἐπιπέδῳ.
488 2139 544 2206 καὶ
573 2139 642 2207 ἐπεὶ
670 2137 690 2226 ἡ
715 2146 780 2208 ΓΑ
807 2143 852 2231 τῷ
882 2136 1088 2230 ὑποκειμένῳ
1118 2141 1185 2207 ἐπι-
1223 2155 1225 2159 ’

169 2248 258 2335 πέδῳ
291 2245 374 2333 πρὸς
407 2242 514 2332 ὀμθάς
547 2247 652 2329 ἐστιν,
685 2246 741 2312 καὶ
773 2244 857 2333 πρὸς
890 2245 998 2326 πάσας
1029 2244 1096 2334 ἀρα
1127 2244 1185 2325 τάς

116 2379 149 2428 20
169 2349 355 2439 ἁπτομένας
379 2348 481 2435 αὑτῆς
504 2347 640 2430 εὐθείας
662 2351 718 2418 καὶ
738 2350 841 2431 οὔσας
860 2355 897 2420 ἐν
915 2357 960 2445 τῷ
976 2349 1185 2443 ὑποκειμένῳ

170 2459 313 2548 ἐπιπέδῳ
342 2453 451 2545 ὀρδάς
472 2454 603 2541 ποιήσει
625 2463 757 2542 γωνίας.
809 2455 945 2527 ἀπτεται
973 2458 1011 2526 δέ
1035 2457 1139 2545 αὐτῆς
1163 2456 1183 2545 ἡ

169 2569 278 2629 ΔΑΕ
303 2553 388 2629 οὖσα
416 2564 453 2630 έν
480 2566 525 2653 τῷ
554 2559 761 2656 ὑποκειμένῳ
791 2567 946 2657 ἐπιπέδῳ·
975 2563 995 2651 ἡ
1025 2562 1090 2652 ἀρα
1117 2562 1184 2633 ὑπὸ

169 2674 267 2735 ΓΑΕ
291 2675 409 2753 γωνίαΙ
426 2666 514 2756 ὀρθή
543 2672 642 2737 ἐστιν.
679 2670 734 2738 διὰ
757 2670 798 2740 τά
822 2670 906 2740 αὑτά
930 2671 972 2759 δὴ
996 2671 1052 2739 καὶ
1075 2668 1095 2757 ἡ
1117 2669 1184 2739 ὑπὸ

170 2779 269 2839 ΒΑΕ
290 2772 379 2860 ὀρθή
399 2776 503 2843 ἐστιν·
526 2783 581 2861 ἴση
606 2775 671 2863 ἀρα
689 2774 710 2863 ἡ
729 2773 795 2846 ὑπὸ
814 2784 911 2847 ΓΑΕ
931 2782 971 2866 τῇ
993 2775 1060 2846 ὑπὸ
1079 2785 1186 2846 ΒΑΕ.

117 2905 151 2956 25
169 2885 228 2947 καί
249 2883 335 2947 εἰσιν
359 2882 395 2949 ἐν
419 2881 469 2949 ἑνὶ
493 2883 651 2972 ἐπιπέδῳ·
675 2880 756 2971 ὅπερ
780 2884 870 2952 ἐστὶν
893 2882 1075 2953 ἀδύνατον.

233 2984 309 3088 Ὀὐκ
332 2984 399 3074 ἀρα
422 2982 485 3054 ἀπὸ
505 2992 565 3056 τοῦ
584 2986 689 3056 αὑτοῦ
708 2996 849 3076 σημείου
866 2994 911 3082 τῷ
932 2989 1020 3082 αὐτῷ
1040 2992 1184 3084 ἐπιπέδῳ

244 3186 267 3236 1.
288 3181 358 3235 εἰσιν
377 3177 420 3252 αἱ]
440 3200 493 3236 om.
513 3202 535 3250 φ
555 3185 621 3252 (non
640 3183 681 3252 Ε).
762 3191 787 3238 3.
808 3181 865 3239 ἐστι
883 3185 949 3253 FV‚
968 3203 1058 3273 οοωῳ.
1077 3186 1104 3241 b.

171 3257 196 3304 4.
217 3247 275 3305 ἐστι
293 3251 354 3337 By,
374 3268 463 3322 comp.
479 3253 532 3308 ΕΙ).
591 3259 616 3308 5.
635 3247 741 3308 ἀπό-
758 3262 781 3310 ἵ.
800 3257 928 3328 ποιῆσαι]
948 3257 997 3311 καὶ
1015 3277 1050 3311 τα
1070 3251 1135 3325 ἑξῆς
1150 3257 1184 3315 V.

244 3324 269 3374 ὃ.
288 3320 357 3375 αντέ
377 3323 403 3376 b.
477 3329 502 3377 6.
520 3324 570 3378 τοὺ
586 3356 618 3364 -
633 3320 797 3395 ἀνέσταται]
817 3344 896 3383 euan.
911 3328 942 3381 Ε.
1016 3334 1040 3382 7.
1054 3329 1185 3400 ποιῆσαι]

171 3390 264 3472 δεῖξαι
282 3391 312 3445 Ρ.
416 3399 441 3448 9.
460 3387 518 3448 ἀπό
538 3425 571 3434 -
591 3393 727 3469 ἐπιπέδῳ]
747 3396 869 3466 PBFV,
892 3399 912 3453 b
937 3416 993 3469 mg.
1012 3416 1049 3452 m.
1070 3406 1083 3453 1
1105 3402 1185 3468 (γοδς

170 3477 201 3515 m
217 3461 298 3540 §extu
317 3463 348 3516 b·
371 3463 409 3536 τῷ
432 3462 549 3519 δοθέντι
568 3462 694 3539 ἐπιπέδῳ
718 3463 776 3522 ἀπὸ
798 3469 848 3523 τοὺ
867 3464 938 3536 πρὸς
960 3464 1037 3543 αὑτῷ
1057 3472 1185 3540 σημείου,

171 3531 201 3586 οδ
218 3529 296 3586 1dem
314 3549 343 3588 m
361 3549 417 3603 mg.
437 3533 536 3590 habuit
549 3536 580 3604 Ε,
600 3538 650 3592 sed
667 3538 789 3608 uestigia
802 3540 864 3595 sola
878 3541 994 3598 restant.
1051 3546 1092 3595 10.
1112 3536 1185 3595 ἀνα-

32 3528 35 3535 ’
81 3608 216 3724 με
