2468 3952
133 213 196 278 108
501 213 703 266 ΣΤΟΙΧΕΙΩΝ
722 210 775 266 ια’.

132 374 200 434 σεις
229 359 274 438 [εἴ
298 356 364 441 γὰρ
392 358 460 422 τῶν
483 360 562 439 ΕΘ,
591 360 669 420 ΝΠ
693 352 825 437 βάσεων
855 361 938 421 ἴσων
967 352 1080 421 οὐσῶν
1106 355 1150 441 μὴ

132 468 182 546 εἴη
205 459 245 527 τὰ
271 467 357 544 ΑΗ,
380 466 458 527 ΓΜ
475 461 546 546 ὕψη
570 467 642 543 ἴσα,
671 457 747 526 οὐδ’
774 457 840 544 άρα
863 459 900 527 τὸ
925 468 989 526 ΑΒ
1014 459 1151 546 στερεὸν

132 575 209 635 ἴσον
228 572 320 634 ἔσται
338 570 383 658 τῷ
399 571 475 634 ΓΔ.
506 562 678 633 ὑπόκειται
698 565 736 632 δὲ
755 573 843 633 ἴσον·
864 566 927 634 οὐκ
945 566 1010 654 άρα
1030 566 1151 636 άνισόν

132 674 201 740 ἐστι
225 671 261 739 τὸ
287 677 361 738 ΓΜ
380 670 467 752 ὕψος
490 675 536 763 τῷ
551 679 627 738 ΑΗ
639 669 733 751 ὕψει·
759 679 834 741 ἴσον
859 671 947 758 άρα].
984 675 1039 741 καλ
1060 679 1151 742 ἔσται

101 778 182 858 σάς
209 776 229 864 ἡ
258 785 322 845 ΕΘ
348 777 447 864 βάσις
473 776 557 864 πρὸς
583 774 645 863 τὴν
673 786 762 863 ΝΠ,
791 777 896 858 οὕτως
923 777 943 865 ἡ
969 786 1045 845 ΓΜ
1067 779 1151 867 πρὸς

131 884 194 972 τὴν
209 893 294 970 ΑΗ,
313 884 368 950 καῖ
388 883 554 969 φανερόν,
575 881 626 951 ὅτι
644 888 712 952 τῶν
727 895 759 952 Α
765 893 808 970 Β,
828 892 895 952 ΓΔ
910 889 1053 970 στερεῶν
1068 909 1150 970 παρ-

132 992 404 1078 αλληλεπιπέδων
428 987 717 1058 ἀντιπεπόνθασιν
741 994 777 1057 αἱ
799 991 912 1076 βάσεις
930 1005 1000 1070 τοῖς
1017 989 1150 1071 ὕψεσιν.

200 1095 259 1183 Μη
284 1102 367 1164 ἴστω
392 1094 433 1183 δὴ
458 1105 513 1182 ἴση
536 1096 557 1183 ἡ
579 1104 642 1164 ΕΘ
664 1095 761 1182 βάσις
783 1101 822 1184 τῇ
842 1103 922 1163 ΝΠ
940 1096 1053 1183 βάσει,
1078 1096 1148 1165 ἀλλ’

132 1209 215 1271 ἴστω
239 1210 359 1289 μείζων
386 1200 407 1289 ἡ
432 1210 504 1270 ΕΘ.
551 1207 619 1269 ἔστι
649 1201 685 1268 δὲ
713 1202 768 1268 παλ
791 1200 828 1268 τὸ
854 1209 920 1268 ΑΒ
945 1202 1080 1288 στερεὸν
1104 1208 1150 1295 τῷ

80 1329 113 1378 10
132 1315 199 1376 ΓΔ
222 1313 343 1400 στερεῷ
364 1317 452 1377 ἴσον·
476 1314 596 1394 μείζων
615 1309 681 1396 ἄρα
701 1309 769 1375 ἐστὶ
792 1309 847 1374 καὶ
867 1306 886 1392 ἡ
908 1314 984 1376 ΓΜ
1002 1314 1060 1396 τῆς
1079 1317 1153 1377 ΑΗ

134 1419 178 1499 [εἴ
200 1414 264 1503 γάρ
289 1414 350 1501 μή,
378 1413 451 1483 οὐθ’
477 1413 543 1502 άρα
566 1413 671 1481 πάλιν
692 1416 732 1481 τὰ
756 1422 839 1497 AB,
865 1421 930 1481 ΓΔ
954 1415 1069 1504 στερεὰ
1094 1426 1150 1484 ἴσα

133 1527 238 1589 ἔσται·
260 1518 433 1588 ὑπόκειται
457 1520 495 1588 θλ
519 1523 599 1604 ἴσα].
644 1525 771 1588 κείσθω
800 1514 863 1588 οὖν
891 1527 930 1609 τῇ
954 1529 1031 1589 ΑΗ
1049 1530 1104 1609 ἴση
1129 1521 1149 1608 ἡ

133 1634 212 1712 ΓΤ,
241 1628 296 1694 καὶ
325 1627 625 1716 συμπεπληρώσθω
654 1626 718 1695 άπὸ
743 1628 871 1713 βάσεως
895 1628 956 1714 μὲν
979 1632 1037 1714 τῆς
1060 1636 1150 1716 ΝΠ,

132 1732 241 1815 ὕψους
264 1733 301 1800 δὲ
324 1737 384 1801 τοῦ
403 1740 479 1817 ΓΤ,
504 1732 640 1822 στερεὸν
662 1738 995 1822 παραλληλεπίπεδον
1018 1737 1056 1802 τὸ
1079 1741 1151 1803 ΦΓ.

81 1860 113 1908 15
131 1840 187 1906 καλ
221 1840 291 1908 ἐπεὶ
318 1848 394 1908 ἴσον
426 1841 494 1907 ἐστὶ
521 1842 559 1909 τὸ
587 1848 653 1907 ΑΒ
682 1842 816 1929 στερεὸν
844 1843 889 1930 τῷ
918 1846 985 1906 ΓΔ
1018 1848 1151 1933 στερεῷ,

133 1948 260 2027 ἔξωθεν
284 1946 323 2014 θλ
345 1945 383 2014 τὸ
398 1953 479 2030 ΓΦ,
503 1943 542 2013 τὰ
568 1945 605 2013 δὲ
629 1955 685 2013 ἴσα
703 1945 787 2033 πρὸς
805 1944 842 2013 τὸ
863 1943 944 2013 αὐτὸ
964 1946 1025 2015 τὸν
1045 1946 1150 2017 αὐτὸν

134 2058 199 2139 ἔχει
223 2051 341 2139 λόγον,
366 2058 454 2120 ἔστιν
478 2050 543 2137 άρα
567 2049 612 2132 ὥς
629 2052 667 2121 τὸ
683 2060 748 2120 ΑΒ
768 2053 904 2140 στερεὸν
923 2052 1006 2140 πρὸς
1025 2055 1062 2123 τὸ
1083 2062 1152 2122 ΓΦ

133 2157 285 2246 στερεόν,
309 2155 415 2237 οὕτως
437 2155 475 2225 τὸ
499 2163 566 2224 ΓΔ
588 2156 725 2243 στερεὸν
748 2160 830 2246 πρὸς
852 2161 889 2227 τὸ
913 2167 980 2227 ΓΦ
1003 2159 1150 2248 στερεόν.

133 2261 206 2330 ἀλλ’
242 2261 287 2342 ὡς
319 2263 380 2350 μὲν
412 2261 449 2331 τὸ
479 2270 544 2331 ΑΒ
573 2262 708 2349 στερεὸν
737 2263 820 2353 πρὸς
847 2264 885 2333 τὸ
909 2273 976 2333 ΓΦ
1003 2266 1151 2352 στερεόν,

81 2387 115 2438 20
134 2370 241 2449 οὕτως
264 2370 284 2456 ἡ
310 2377 372 2437 ΕΘ
395 2369 492 2454 βάσις
514 2366 598 2457 πρὸς
621 2368 682 2456 τὴν
701 2378 775 2437 ΝΠ
798 2371 912 2456 βάσιν·
940 2378 1065 2459 ἴσοϋψῆ
1086 2372 1152 2459 γάρ

133 2475 172 2542 τὰ
196 2484 277 2560 ΑΒ,
306 2482 374 2543 ΓΦ
397 2473 528 2562 στερεά·
558 2472 602 2554 ὡς
631 2475 667 2542 δὲ
695 2479 732 2544 τὸ
758 2482 824 2544 ΓΔ
847 2477 983 2566 στερεὸν
1007 2479 1090 2564 πρὸς
1113 2477 1150 2547 τὸ

133 2588 202 2649 ΓΦ
220 2579 367 2666 στερεόν,
391 2578 499 2660 οὕτως
517 2578 537 2667 ἡ
558 2589 639 2649 ΜΠ
655 2581 752 2667 βάσις
775 2587 857 2671 πρὸς
880 2586 942 2671 τὴν
966 2592 1035 2651 ΤΠ
1049 2583 1151 2669 βάσιν

132 2688 187 2754 καῖ
215 2685 236 2772 ἡ
265 2694 341 2754 ΓΜ
363 2689 446 2773 πρὸς
473 2689 546 2774 τὴν
563 2694 638 2755 ΓΤ·
664 2690 720 2757 καῖ
748 2689 793 2770 ὡς
821 2690 886 2776 άρα
914 2690 933 2778 ἡ
965 2699 1028 2759 ΕΘ
1055 2691 1152 2778 βάσις

133 2792 217 2877 πρὸς
240 2791 301 2879 τὴν
320 2799 398 2859 ΝΠ
413 2792 530 2878 βάσιν,
555 2794 661 2874 οὕτως
680 2794 699 2880 ἡ
718 2803 793 2863 ΜΓ
806 2797 891 2884 πρὸς
909 2797 971 2883 τὴν
991 2805 1061 2865 ΓΤ.
1095 2807 1151 2883 ἴση

80 2918 114 2966 25
134 2899 171 2966 δὲ
194 2896 215 2985 ἡ
240 2905 272 2966 Γ
277 2907 307 2966 Τ
324 2911 364 2987 τῇ
388 2906 469 2966 ΑΗ·
499 2899 554 2966 καῖ
583 2898 627 2980 ὡς
650 2900 754 2987 άραη
779 2910 843 2970 ΕΘ
865 2903 962 2988 βάσις
984 2903 1067 2991 πρὸς
1089 2904 1152 2990 τὴν

205 3118 230 3166 2.
251 3113 307 3200 εἴη)
328 3111 447 3183 ἴ.στωφ
522 3121 546 3169 3
529 3111 742 3254 ἐσταῶὴέστῖ
758 3115 783 3169 b.
812 3193 853 3241 10
859 3121 914 3170 ΓΔ
933 3119 1036 3190 στερεῷ
1055 3118 1117 3172 FV

135 3187 159 3237 5.
180 3184 245 3235 ΝΠ
262 3185 390 3255 βασινλ)
483 3192 507 3240 7.
526 3179 613 3251 νηεσι
689 3206 719 3254 φ.
874 3184 952 3259 ἐστί]
972 3206 1026 3243 om.
1045 3190 1078 3243 V.

136 3258 177 3307 11.
191 3249 292 3341 πάλιν]
312 3272 396 3324 supra
414 3275 451 3311 m.
470 3273 524 3312 rec
544 3256 711 3310 V.12.
733 3255 893 3314 ἐᾛσονταιΡ
985 3255 1154 3314 ὑπόκεινται

132 3314 204 3378 BV.
269 3325 654 3396 AH]Hinras.m.lP.
734 3334 774 3380 14
795 3331 1079 3418 ΓΓ]ΓιητοεΒ

133 3397 341 3534 §mamea
359 3396 426 3523 οἴλλο
447 3399 703 3535 ὃῗλλῖλῖΓοῖλλοητει
723 3399 806 3539 {pra
824 3407 876 3525 λάε.
890 3399 1069 3527 λλξῖοἴνλνξλλ
1085 3397 1156 3456 auo

135 3535 265 3608 ΦΓΒΙ),
284 3540 361 3608 etF,
381 3541 431 3594 sed
449 3556 519 3596 corr.
574 3541 646 3596 Dem
659 3543 722 3597 add
738 3538 929 3612 στερεόνΤΤ.
984 3542 1051 3597 Iul!
1065 3545 1157 3600 uerba
