2468 3952
170 182 236 250 304
544 182 745 235 ΣΤοιΧΕιιεο
763 177 814 251 ιγ’.

169 334 242 413 ΒΓ,
276 323 382 405 οὕτως
413 323 451 392 τὸ
480 322 544 392 ἀπὸ
573 326 630 409 τῆς
658 330 722 390 ΑΒ
750 320 834 407 πρὸς
860 320 897 391 τὸ
926 319 992 391 άπὸ
1021 334 1084 411 τῆς
1112 331 1184 410 ΒΛ,

168 436 365 521 τριπλάσιον
396 433 463 519 άρα
494 431 532 499 τὸ
566 427 632 498 άπὸ
664 434 723 515 της
753 437 817 497 ΑΒ
845 440 905 497 τοῦ
933 427 1000 497 άπὸ
1029 435 1091 516 της
1120 438 1184 499 ΒΛ.

170 543 305 627 ἐδείχθη
330 540 368 608 δὲ
390 539 446 607 καὶ
469 537 507 606 τὸ
531 534 597 605 άπὸ
621 542 679 623 τῆς
697 544 771 604 HK
787 540 849 627 τμῦ
868 533 934 604 άπὸ
954 540 1014 623 τῆς
1028 543 1185 626 ΚΕτρι-

168 646 321 715 πλάσιον.
365 647 421 713 καὶ
448 657 552 712 κεῖται
576 652 631 730 ίση
655 641 675 730 ἡ
700 650 771 711 ΚΕ
789 646 829 732 τῇ
855 650 933 710 ΔΒ·
963 650 1019 729 ἴση
1044 641 1114 732 ἄρα
1136 644 1185 712 καί

134 776 150 822 ο
169 751 189 840 ἡ
209 759 283 820 KH
298 757 337 842 τῇ
358 760 430 820 AB.
472 756 531 819 καί
551 754 641 818 ἐστιν
660 747 681 837 ἡ
703 757 767 817 ΑΒ
785 754 843 836 τῆς
862 754 1023 835 δοθείσης
1042 755 1186 840 σφαίρας

170 859 357 948 διάμετρος·
387 860 444 926 καὶ
471 855 492 944 ἡ
516 864 591 925 ΚΗ
615 856 681 943 ἄρα
705 866 759 943 ίση
789 856 859 925 ἐστὶ
881 867 920 945 τῇ
944 860 1004 942 τῆς
1027 861 1185 946 δοθείσης

170 970 314 1052 σφαίρας
337 967 512 1056 διαμέτρῳ.

240 1078 286 1161 Τῇ
312 1076 452 1160 δοθείση
476 1070 542 1157 ἄρα
562 1075 689 1160 σφαίρᾳ
707 1075 933 1158 περιείληπται
952 1067 971 1137 ὁ
990 1069 1113 1156 κύβος·
1136 1072 1184 1140 καί

170 1180 476 1263 συναποδέδεικται,
496 1175 548 1246 ὅτι
566 1175 586 1264 ἡ
605 1189 665 1265 της
683 1181 828 1264 σφαίρας
847 1176 1025 1264 διάμετρος
1045 1178 1185 1266 δυνάμει

117 1307 150 1356 10
168 1290 372 1370 τριπλασίων
387 1287 455 1355 ἐστὶ
470 1291 529 1373 τῆς
542 1283 719 1369 τοῦκύβου
728 1287 885 1372 πλευρᾶς·
900 1283 981 1371 ὅπερ
991 1286 1063 1350 ἔδει
1074 1287 1185 1366 δεῖξαι.

648 1533 704 1605 ις’.

235 1658 509 1746 Εἰκοσάεδρον
529 1656 807 1744 συστήσασθαι
825 1657 889 1725 καί
910 1663 1061 1749 σφαίρᾳ
1079 1682 1185 1748 περι-

168 1770 320 1850 λαβεῖν,
339 1757 360 1853 ᾖ
379 1764 443 1832 καί
462 1762 507 1831 τὰ
527 1765 795 1851 προειρημένα
809 1763 1001 1851 σχήματα,
1022 1766 1090 1832 καὶ
1111 1770 1185 1834 δεῖ·

169 1873 245 1958 ξαι,
265 1871 325 1941 ὅτι
345 1871 365 1959 ἡ
384 1875 453 1940 τοῦ
473 1874 739 1959 είκοσαίδρου
753 1868 902 1959 πλευρὰ
917 1869 1064 1958 άλογάς
1079 1875 1184 1942 ἐστιν

117 1976 188 2066 1σὴ
211 1981 438 2066 καλουμένη
462 1977 641 2047 ἐλάττων.

231 2085 412 2154 Ἐκκείσθω
445 2082 465 2171 ἡ
498 2089 557 2171 τῆς
589 2089 749 2172 δοθείσης
782 2089 926 2172 σφαίρας
957 2085 1183 2175 διάμετροςη

167 2200 233 2260 AB
261 2192 316 2259 καὶ
344 2192 519 2279 τετμήσθω
549 2190 632 2259 κατὰ
659 2191 697 2260 τὸ
722 2198 754 2259 Γ
777 2192 860 2260 ὥστε
887 2197 1075 2282 τετραπλῆν
1100 2191 1184 2262 εἶναι

167 2296 228 2383 την
256 2304 326 2365 ΑΓ
347 2303 406 2385 τῆς
435 2304 511 2383 ΓΒ,
543 2298 599 2365 καὶ
631 2296 817 2386 γεγράφθω
851 2299 903 2366 έπλ
930 2304 989 2386 τῆς
1015 2306 1085 2368 AB
1114 2298 1184 2389 ἡμι-

166 2404 305 2471 κύκλιον
327 2403 365 2470 τὸ
390 2411 505 2487 ΑΔΒ,
527 2404 583 2470 καὶ
605 2401 701 2491 ἤχθω
725 2402 790 2472 άπὸ
814 2409 875 2473 τοῦ
898 2412 931 2473 Γ
949 2409 988 2494 τῇ
1011 2413 1079 2475 AB
1105 2405 1184 2496 πρὸς

114 2531 149 2582 20
168 2507 276 2597 ὀρθὰς
298 2516 423 2596 γωνίας
445 2509 562 2579 εὐθεῖα
585 2509 718 2599 γραμμὴ
742 2509 762 2598 ἡ
783 2517 859 2599 ΓΔ,
882 2514 938 2580 καὶ
956 2514 1146 2602 ἐπεζεύχθω
1164 2511 1182 2600 ἡ

167 2624 250 2702 ΔΒ,
276 2617 333 2684 καὶ
356 2619 517 2685 ἐκκείσθω
541 2617 663 2698 κύκλος
686 2616 704 2686 ὁ
730 2626 919 2706 ΕΖΗΘΚ,
948 2613 990 2689 οὗ
1016 2619 1039 2709 ἡ
1064 2624 1102 2691 έκ
1125 2624 1183 2692 τοῦ

165 2725 307 2811 κέντρου
335 2731 389 2810 ἴση
419 2729 502 2792 ἔστω
529 2735 569 2813 τῇ
599 2733 681 2812 ΛΒ,
714 2726 771 2793 καὶ
799 2728 1021 2816 ἐγγεγράφθω
1050 2735 1099 2810 είς
1125 2731 1181 2800 τὸν

167 2836 341 2897 ΕΖΗΘΚ
361 2829 487 2898 κύκλον
509 2831 725 2918 πεντάγωνον
753 2832 955 2922 ἰσόπλευρόν
978 2862 1013 2904 τε
1036 2837 1092 2905 καὶ
1117 2843 1182 2907 ίσο-

165 2934 293 3021 γάνιον
317 2937 354 3004 τὸ
379 2943 568 3022 ΕΖΗΘΚ,
595 2939 651 3005 καὶ
674 2938 917 3026 τετμήσθωσαν
941 2944 978 3009 αί
998 2950 1076 3029 ΕΖ,
1101 2953 1182 3030 ΖΗ,

115 3062 148 3112 25
167 3050 254 3127 ΗΘ,
283 3050 362 3128 ΘΚ,
391 3049 461 3111 ΚΕ
480 3045 687 3132 περιφέρειαι
711 3049 788 3134 δίχα
810 3045 892 3115 κατὰ
915 3045 956 3115 τά
980 3056 1025 3136 Λ,
1054 3057 1110 3138 Μ,
1135 3059 1182 3137 Ν,

166 3152 208 3235 Ξ,
239 3157 267 3216 O
291 3163 424 3236 σημεία,
452 3150 506 3216 καί
531 3150 781 3238 ἐπεζεύχθωσαν
805 3156 843 3220 αί
863 3161 954 3241 ΛΜ,
982 3162 1077 3244 ΜΝ,
1101 3161 1182 3244 ΝΞ,

166 3259 242 3341 ΞΟ,
268 3263 343 3342 ΟΛ,
367 3263 439 3323 ΕΟ.
477 3255 677 3346 ίσόπλενρον
696 3256 762 3347 άρα
781 3260 850 3328 ἐστὶ
868 3261 923 3328 καὶ
941 3261 980 3328 τὸ
1000 3269 1184 3343 ΛΜΝΞΟ

239 3457 262 3507 1,
282 3453 351 3524 ΒΓ]
381 3469 449 3506 corr.
468 3468 502 3506 ex
521 3457 575 3506 ΒΚ
592 3471 629 3506 m.
650 3458 664 3506 1
684 3453 714 3510 B.
824 3462 849 3513 κ.
868 3458 1038 3525 τριπλασίων
1057 3460 1089 3530 Ρ,
1114 3479 1184 3518 corr.

165 3540 202 3576 m.
224 3528 247 3576 1.
321 3529 346 3577 4.
367 3523 431 3593 ΔΒ]
452 3527 501 3576 ΑΒ
521 3538 589 3579 corr.
609 3525 639 3579 in
658 3529 708 3578 ΒΔ
726 3524 763 3596 Β,
781 3531 831 3580 ΑΒ
851 3544 1006 3597 suprascr.
1026 3535 1053 3584 Δ
1072 3550 1111 3589 m.
1133 3536 1186 3604 1b,
