2468 3952
122 212 187 276 386
514 214 696 265 APPENDIX
715 214 750 263 Η.

122 362 201 439 ίσην
232 351 319 422 εἶναι
347 354 410 440 τὴν
438 353 500 440 μὲν
527 350 592 421 ὑπὸ
621 356 690 420 τῶν
713 359 795 435 ΘΛ,
824 359 893 419 ΛΒ
918 360 959 438 vy}
983 348 1053 418 ὑπὸ
1076 360 1142 418 τάν

122 467 209 545 ΝΛ,
239 468 330 545 ΛΜ,
357 459 419 546 τὴν
448 459 485 528 δὲ
513 457 578 528 ὑπὸ
607 469 675 527 τῶν
699 464 781 543 ΘΛ,
811 464 888 525 ΛΗ
909 468 950 546 vy}
979 455 1048 524 ὑπὸ
1077 466 1142 524 τῶν

122 574 210 652 ΝΛ,
234 570 312 651 AE,
336 565 397 653 τὴν
417 566 454 634 δὲ
472 563 539 633 ὑπὸ
557 576 626 632 τῶν
640 571 729 651 ΗΔ,
749 573 820 633 ΔΒ
834 569 875 653 vy}
894 562 962 632 ὑπὸ
979 575 1051 633 τῶν
1070 566 1142 647 EA,

124 681 213 755 AM,
241 672 296 739 καλ
324 677 449 739 κείσθω
476 675 516 760 vy}
546 678 573 737 Β
602 679 657 756 ίση
686 671 824 758 ἑκατέρα
853 681 921 738 τῶν
949 674 1031 755 EA,
1063 677 1140 756 AO,

122 781 177 846 καλ
203 778 502 866 συμπεπληρώσθω
532 774 569 844 τὸ
593 784 668 843 ΛΠ
688 778 832 864 στερεόν.
877 778 933 845 καλ
957 779 1033 845 ἐπεί
1054 779 1141 845 ἐστιν

124 882 169 965 ὡς
192 882 212 970 ἡ
237 893 268 951 Α
291 882 374 969 πρὸς
396 883 458 968 τὴν
482 890 521 962 Β,
546 880 652 962 οὕτως
674 880 695 968 ἡ
718 890 747 950 Β
770 881 853 969 πρὸς
876 882 938 969 τὴν
961 891 1001 970 Γ,
1027 893 1082 971 ἴση
1107 884 1142 952 δὲ

124 989 144 1076 ἡ
176 990 237 1076 μὲν
260 999 291 1057 Α
314 995 353 1078 vy}
379 996 461 1073 ΛΕ,
489 985 510 1073 y}
541 988 578 1055 ἀλ
601 995 630 1055 Β
654 989 791 1079 ἑκατέρᾳ
813 993 881 1057 τῶν
904 992 983 1074 EA,
1014 996 1096 1075 AO,
1122 989 1142 1076 y}

125 1098 162 1165 δὲ
186 1103 218 1163 Γ
235 1100 275 1184 vy}
295 1103 377 1180 ΛΘ,
401 1093 446 1174 ὡς
469 1093 535 1179 ἀρα
559 1092 580 1180 ἡ
602 1102 672 1161 ΛΕ
692 1094 776 1179 πρὸς
794 1102 887 1180 MA,
912 1093 1021 1176 οὕτως
1039 1093 1060 1182 y}
1081 1103 1142 1163 ΟΛ

124 1202 207 1290 πρὸς
237 1201 299 1288 την
330 1208 404 1271 ΔΘ.
453 1201 508 1268 καλ
537 1201 611 1288 περλ
640 1209 715 1281 λ’σας
741 1208 866 1287 γωνιάς
893 1199 953 1281 τάς
979 1200 1048 1271 ὑπὸ
1075 1207 1141 1270 τῶν

125 1318 207 1394 ΘΛ,
229 1316 311 1393 ΑΒ,
332 1315 412 1394 ΟΛ,
433 1314 513 1374 AM
526 1310 564 1374 αί
579 1307 719 1394 πλευραὶ
738 1306 1044 1376 ἀντιπεπόνθασιν·
1069 1317 1142 1377 λ’σον

125 1414 192 1500 ἀρα
216 1414 284 1481 ἐστὶ
307 1412 344 1481 τὸ
371 1419 452 1498 ΛΘ,
477 1421 540 1480 &P
558 1413 908 1501 παραλληλόγραμμον
931 1418 977 1507 τῷ
1001 1421 1142 1484 ΟΛΜΣ.

126 1521 181 1588 καὶ
205 1518 274 1587 ἐπεὶ
303 1526 372 1586 ίσαι
395 1524 515 1604 γωνίαι
539 1521 692 1586 ἐπίπεδοί
712 1523 798 1587 εἰσιν
822 1522 859 1585 αί
879 1516 945 1587 ὑπὸ
968 1524 1039 1589 τῶν
1063 1529 1142 1608 ΘΛ,

127 1635 209 1712 ΛΕ,
235 1633 314 1712 ΟΛ,
338 1633 429 1710 AM,
453 1627 505 1693 ἐπὶ
529 1624 566 1693 δὲ
584 1629 653 1692 τῶν
671 1629 832 1713 κορυφῶν
851 1623 966 1694 αὐτῶν
984 1629 1142 1716 μετέωροι

126 1733 274 1820 γραμμαὶ
303 1734 480 1818 ἐφεστᾶσιν
509 1734 547 1797 αί
578 1738 665 1816 HA,
693 1734 772 1816 EA,
801 1740 875 1811 ίσας
902 1738 1029 1818 γωνίας
1056 1757 1143 1819 περι-

127 1841 240 1926 έχουσι
263 1838 325 1924 τὴν
349 1837 410 1923 μὲν
434 1837 498 1905 ὑπὸ
522 1840 591 1905 των
610 1845 693 1923 ΘΛ,
718 1844 797 1905 ΛΗ
815 1842 854 1926 vy}
878 1836 943 1906 ὑπὸ
969 1845 1040 1908 τῶν
1064 1848 1143 1924 ΟΛ,

127 1948 205 2032 AE,
237 1943 300 2031 τὴν
329 1945 366 2013 δὲ
393 1942 459 2012 ὑπὸ
487 1948 555 2011 τῶν
583 1949 674 2029 HA,
708 1951 780 2011 ΛΒ
807 1949 846 2033 vy}
874 1943 940 2013 ὑπὸ
969 1956 1038 2014 τῶν
1066 1950 1144 2032 EA,

127 2059 219 2136 AM,
242 2052 297 2118 καλ
320 2049 534 2140 ἀφῃρημέναι
558 2050 645 2118 είσλυ
668 2058 738 2117 ίσαι
757 2047 887 2118 εὐθεῖαι
907 2053 944 2118 αί
960 2058 1047 2137 HA,
1070 2055 1144 2137 EA,

127 2162 165 2225 αί
194 2156 260 2245 ἀρα
288 2155 353 2225 ἀπὸ
381 2167 450 2224 τῶν
479 2163 527 2241 Η,
560 2159 590 2232 E
616 2156 669 2224 ε’πλ
695 2155 736 2223 τά
765 2155 821 2224 διά
849 2161 917 2225 τῶν
945 2165 1027 2244 ΘΛ,
1063 2166 1143 2243 ΛΕ,

129 2271 203 2348 ΟΛ,
228 2271 308 2330 ΛΜ
327 2266 464 2331 ἐπίπεδα
487 2261 625 2330 κάθετοι
649 2259 811 2349 ἀγόμεναι
831 2271 901 2332 ίσαι
921 2269 1064 2335 ἔσονται.
1105 2265 1144 2333 τὰ

128 2368 165 2437 δὲ
198 2369 251 2435 ἐπὶ
284 2377 367 2436 ίσων
399 2369 533 2454 βάσεων
562 2369 644 2436 ὄντα
678 2371 793 2457 στερεὰ
820 2375 1143 2457 παραλληλεπίπεδα,

128 2467 177 2543 ὦν
201 2473 241 2541 τά
264 2472 333 2560 ὕφη
358 2483 414 2541 ἴσα
438 2477 517 2560 ἐστί,
543 2483 598 2542 ίσα
622 2476 713 2543 ἐστὶν
733 2478 851 2542 ἐκεῖνα.
894 2482 970 2542 ἴσον
991 2473 1058 2562 ἀρα
1077 2477 1144 2545 ε’στλ

127 2580 165 2649 τὸ
196 2587 268 2648 ΛΚ
293 2585 339 2673 τῷ
368 2589 446 2650 ΛΠ.
491 2586 550 2649 καί
574 2584 642 2650 ἐστι
671 2580 708 2649 τὸ
736 2581 798 2668 μὲν
822 2587 896 2649 AK
918 2580 956 2648 τὸ
986 2581 1053 2650 ὑπὸ
1078 2588 1145 2652 τῶν

129 2698 175 2774 Α,
200 2696 243 2773 Β,
267 2693 305 2773 Γ,
328 2687 366 2756 τὸ
391 2687 428 2756 δὲ
448 2695 522 2754 ΛΠ
540 2685 578 2755 τὸ
602 2684 667 2755 ἀπὸ
689 2693 748 2774 τῆς
766 2696 803 2756 Β.
841 2686 877 2756 τὸ
902 2686 967 2774 ἀρα
992 2687 1059 2758 ὑπὸ
1079 2694 1145 2758 τῶν

128 2805 175 2881 A,
201 2803 243 2880 Β,
267 2799 299 2862 Γ
316 2794 554 2882 περιεχόμενον
578 2793 714 2882 στερεὸν
738 2803 813 2863 ίσον
838 2796 906 2862 ἐστὶ
929 2798 974 2886 τῷ
1000 2792 1066 2863 ἀπὸ
1089 2799 1145 2882 τῆς

129 2910 157 2968 Β
186 2904 308 2992 στερεῷ
338 2898 524 2990 ίσοπλεύρφ
554 2903 632 2986 με’ν,
661 2904 827 2991 ἰσογωνίῳ
857 2900 893 2968 δὲ
921 2911 967 2991 τῷ
991 2925 1146 2989 προειρη-

129 3011 232 3100 μένφ·
256 3006 337 3095 ὅπερ
362 3011 428 3074 ἔδει
453 3007 567 3087 δείξαι.

78 3235 112 3284 σι
610 3201 672 3283 λζ’·

194 3321 279 3393 Ἐἀν
313 3319 396 3395 ὦσιν
429 3324 677 3412 ὁσαιδηποτοῦν
710 3325 841 3394 εὐθεῖαι
869 3323 1059 3412 ἀνάλογον,
1093 3327 1147 3394 καὶ

130 3429 171 3496 τά
194 3428 250 3497 ἀπ’
277 3429 389 3499 αὐτῶν
414 3430 520 3518 ὅμοια
535 3433 590 3500 καλ
619 3432 742 3518 ὁμοίως
764 3439 900 3520 κείμενα
924 3433 1041 3520 στερεὰ
1065 3458 1147 3519 παρ-

131 3540 376 3621 αλληλεπίπεδα
399 3534 568 3624 ἀνάλογον
592 3544 692 3606 ἔσται.
734 3539 790 3606 καὶ
813 3537 872 3608 ἐὰν
895 3539 934 3607 τά
955 3536 1011 3606 ἀπ’
1034 3537 1148 3608 αὐτῶν
