2468 3952
142 186 185 250 98
517 186 720 239 ΣΤΟΙΧΕΙΩΝ
737 183 788 240 ια’.’

142 334 202 395 ΓΖ
230 330 361 418 στερεῷ.
410 325 573 413 ἤχθωσαν
600 326 663 415 γάρ
692 325 758 394 άπὸ
786 329 855 395 τῷν
878 333 926 412 Κ,
955 334 999 413 Ε,
1028 334 1077 413 Η,
1109 335 1163 414 Μ,

142 441 193 518 Π,
223 440 265 518 Ζ,
292 441 342 520 Ν,
370 442 405 501 Σ
431 439 578 521 σημείων
609 434 661 502 ἐπὶ
688 432 727 502 τὸ
754 431 976 520 ὑποκείμενον
1000 436 1163 503 ἐπίπεδον

140 543 279 608 κάθετοι
307 543 345 608 αλ
373 543 450 626 ΚΞ,
478 548 557 627 ET,
584 548 668 626 ΗΓ,
696 547 789 625 ΜΦ,
845 547 929 625 ΠΧ,
961 547 1047 626 ΖΨ,
1071 548 1162 626 ΝΩ,

141 653 214 732 ΣΙ,
241 648 297 714 καὶ
325 648 605 733 συμβαλλέτωσαν
632 656 678 739 τῷ
708 647 851 738 ἐπιπέδῳ
880 672 963 713 κατα
986 645 1027 713 τά
1051 649 1094 733 Ξ,
1123 654 1163 733 Τ,

106 761 185 840 ὅΤ,
216 761 262 840 Φ,
322 761 367 840 Χ,
405 761 454 838 Ψ,
481 761 530 839 Ω,
559 761 581 821 Ι
607 765 741 839 σημεῖα,
768 752 824 819 καὶ
847 751 1101 840 ἐπεζεύχθωσαν
1124 755 1165 820 αἱ

140 863 217 945 ων,
240 865 317 944 ων,
344 866 421 945 νω,
450 866 529 945 ΤΦ,
580 866 668 944 ΧΨ,
693 864 776 944 m,
799 864 871 945 ιιι,
895 865 970 926 ιν.
1016 867 1093 928 ισοι
1118 858 1162 946 δή

141 969 209 1035 ἐστι
232 966 270 1034 τὸ
290 973 362 1033 ΚΦ
385 964 521 1052 στερεὸν
544 969 589 1056 τῷ
609 971 672 1032 ΠΙ
692 969 828 1057 στερεῷ·
853 967 909 1032 ἐπί
928 991 962 1032 τε
985 963 1050 1053 γάρ
1076 973 1162 1034 λσων

140 1072 272 1158 βάσεών
302 1077 366 1139 ελσι
397 1075 466 1140 τῷν
493 1078 586 1157 ΚΜ,
615 1079 689 1138 ΠΣ
714 1072 769 1138 καὶ
799 1068 863 1139 ὑπὸ
892 1070 930 1139 τὸ
955 1069 1037 1139 αὐτὸ
1061 1070 1160 1158 ὕψος,

141 1170 190 1246 ῷν
214 1182 251 1245 αλ
273 1181 459 1264 ἐφεστῶσαι
477 1175 562 1265 πρὸς
582 1175 690 1264 ὀρθάς
708 1182 773 1244 εἰσι
791 1191 864 1258 ταῖς
883 1177 1031 1264 βάσεσιν.
1073 1175 1160 1246 άλλὰ

89 1302 121 1351 10
140 1282 177 1351 τὸ
202 1284 263 1370 μὲν
287 1292 359 1352 ΚΦ
381 1282 517 1372 στερεὸν
540 1288 585 1376 τῷ
606 1290 674 1350 ΑΕ
695 1288 815 1374 στερεῷ
841 1286 932 1351 ἐστιν
952 1293 1039 1369 ἴσον,
1062 1285 1101 1353 τὸ
1121 1285 1160 1354 δέ

140 1395 202 1456 ΠΙ
227 1393 271 1480 τῷ
302 1396 374 1456 ΓΖ·
403 1392 459 1457 ἐπί
483 1415 517 1457 τε
545 1387 609 1476 γάρ
637 1393 696 1476 τῆς
725 1387 827 1475 αὐτῆς
855 1389 982 1476 βάσεώς
1010 1395 1076 1458 εἰσι
1103 1393 1160 1461 καὶ

139 1492 205 1562 ὑπὸ
234 1494 272 1563 τὸ
300 1494 381 1563 αὐτὸ
407 1496 509 1582 ὕψος,
545 1487 594 1563 ῷν
624 1498 662 1562 αλ
687 1497 872 1582 ἐφεστῶσαι
900 1495 963 1563 οὔκ
990 1501 1077 1564 εἰσιν
1106 1498 1160 1566 ἐπὶ

139 1604 206 1669 τῷν
231 1601 343 1670 αὐτῶν
368 1599 521 1670 εὐθειῷν.
558 1601 613 1668 καὶ
635 1600 674 1670 τὸ
694 1610 765 1669 ΑΕ
786 1602 852 1691 άρα
875 1601 1011 1691 στερεὸν
1035 1607 1080 1694 τῷ
1098 1610 1158 1671 ΓΖ

140 1710 261 1798 στερεῷ
285 1710 375 1776 ἐστιν
400 1716 484 1775 ἴσον.

88 1833 120 1882 15
211 1813 258 1880 Τά
286 1813 351 1902 άρα
380 1815 432 1882 ἐπὶ
461 1821 545 1880 ἴσων
568 1815 701 1898 βάσεων
726 1813 807 1881 ὅντα
831 1812 947 1901 στερεά
970 1822 1158 1902 παραλληλ-

139 1925 277 1988 επίπεδα
307 1921 363 1988 καὶ
389 1918 456 1988 ὑπὸ
483 1918 520 1987 τὸ
555 1918 637 1987 αὐτὸ
666 1918 753 2001 ὕψος
782 1928 838 1987 λ’σα
866 1919 1024 2006 ἀλλήλοις
1053 1924 1158 1990 ἐστίν·

139 2026 220 2113 ὅπερ
246 2032 313 2095 ἔδει
338 2029 451 2108 δεῖξαι.

614 2187 678 2270 ιβ’.

209 2289 260 2357 Τά
289 2291 364 2359 ὑπὸ
394 2290 436 2357 τὸ
461 2289 556 2357 αὐτὸ
586 2289 685 2372 ὕψος
713 2289 809 2359 ὄντα
838 2290 977 2379 στερεὰ
1008 2302 1156 2381 παραλ-

85 2416 119 2463 20
138 2402 381 2482 ληλεπίπεᾶα
404 2395 501 2484 πρὸς
525 2397 678 2484 άλληλά
703 2400 810 2467 ἐστιν
830 2398 879 2479 ὡς
903 2401 944 2465 αλ
966 2399 1110 2484 βάσεις.

195 2501 303 2570 Ἔστω
327 2500 392 2570 ὑπὸ
416 2502 453 2570 τὸ
484 2502 565 2571 αὐτὸ
589 2502 677 2585 ὕψος
700 2508 815 2592 στερεὰ
844 2509 1156 2592 παραλληλεπίπεδα

137 2635 176 2675 τα
196 2616 278 2693 ΑΒ,
297 2615 376 2675 ΓΛ·
400 2611 496 2696 λέγω,
522 2610 573 2678 ὅτι
592 2613 632 2677 τὰ
647 2618 729 2697 ΑΒ,
749 2617 815 2678 ΓΛ
834 2631 949 2699 στερεα
969 2619 1156 2698 παραλληλ-

137 2719 275 2781 επίπεδα
302 2718 386 2801 πρὸς
413 2713 541 2801 άλληλά
572 2718 662 2783 ἐστιν
692 2714 736 2796 ὡς
764 2720 802 2783 αἱ
823 2718 954 2803 βάσεις,
982 2719 1155 2786 τουτέστιν

137 2819 187 2887 ὅτι
212 2822 302 2890 ἐστὶν
326 2818 371 2900 ὡς
394 2818 414 2907 ι]
433 2830 465 2887 Α
472 2829 503 2888 Ε
522 2820 620 2906 βάσις
643 2826 726 2910 πρὸς
749 2826 812 2909 τὴν
831 2830 891 2890 ΓΖ
911 2822 1024 2910 βάσιν,
1049 2821 1155 2904 οὕτως

83 2946 116 2994 25
136 2930 173 2995 τὸ
198 2935 264 2994 ΑΒ
288 2931 424 3013 στερεὸν
447 2952 530 3011 προς
553 2954 590 2996 το
615 2934 681 2996 ΓΔ
705 2931 848 3016 στερεόν.

206 3093 230 3142 2.
251 3089 295 3160 Π]
316 3105 331 3142 e
351 3104 419 3144 corr.
434 3087 461 3141 b.
535 3087 581 3158 N]
600 3088 630 3141 in
648 3105 700 3143 ras.
715 3088 749 3143 V.
823 3095 847 3142 3.
867 3089 938 3160 ΚΞ]
958 3093 1011 3143 ΚΖ
1024 3090 1059 3157 F;
1080 3092 1108 3149 Ξ
1125 3090 1154 3144 in

134 3174 187 3214 ras.
207 3160 241 3213 V.
323 3159 397 3229 ΠΧ]
418 3159 494 3212 Hin
514 3175 568 3213 ras.
588 3177 624 3211 m.
646 3164 659 3211 1
679 3159 710 3212 P.
792 3160 866 3231 ΝΩ]
888 3160 1036 3217 Ninras.
1056 3160 1089 3216 V.

134 3236 159 3282 4.
179 3232 237 3283 ΣΤ
253 3231 283 3284 Ρ.
375 3226 592 3300 σνμβαλέτωσαν
611 3230 644 3283 V.
726 3230 765 3301 Ξ]
786 3231 815 3284 in
834 3247 887 3285 ras.
904 3230 936 3285 V.
1030 3234 1066 3299 Τ,
1088 3234 1154 3288 Tb.

190 3305 213 3353 5.
234 3302 348 3369 σημείωι
369 3299 400 3369 Β,
421 3320 441 3353 ω
461 3298 491 3353 in
505 3317 558 3356 ras.
615 3305 638 3355 6.
660 3302 733 3371 ΞΤ]
754 3302 782 3360 Ξ
798 3300 828 3354 in
843 3319 894 3356 ras.
910 3301 943 3356 V.
996 3303 1064 3374 ΞΤ]
1084 3303 1155 3362 ,Elin

133 3370 355 3436 ταώνων.
413 3372 593 3443 mm.
650 3372 832 3443 ιερτινι.
889 3375 1154 3441 ammom.

133 3442 166 3495 V.
223 3447 247 3495 8.
267 3442 338 3511 ΠΣ]
359 3458 428 3496 corr.
448 3459 482 3496 ex
496 3445 554 3496 HE
573 3443 690 3498 m.1b.
750 3438 807 3496 ὑπό
836 3439 887 3497 ἐπί
902 3445 933 3511 b;
953 3460 1022 3499 corr.
1041 3463 1099 3516 mg.
1116 3464 1154 3501 m.

135 3518 158 3564 1.
233 3518 256 3566 9.
278 3511 348 3566 εἰσιν
367 3513 397 3566 Β.
479 3519 520 3567 11.
542 3511 613 3567 εἰσιν
633 3514 662 3567 Ρ.
738 3519 778 3567 12.
799 3510 869 3586 νπό]
890 3510 985 3581 {ullu
1006 3532 1074 3570 corr.
1095 3535 1155 3587 mg.

72 3652 169 3720 h
