2468 3952
363 194 640 246 nnnunuroauu
657 195 768 245 nnana
785 193 847 245 xn.
1046 189 1110 254 199

96 341 232 404 ΕΖΗΘ
250 338 393 422 pyramis
417 340 632 419 construatur,
657 359 738 422 quae
754 336 888 401 eandem
904 335 1111 401 altitudinem

95 445 225 527 habeat,
247 465 344 527 quam
364 465 472 508 conus.
512 444 657 528 pyramis
681 443 783 528 igitur
802 444 989 508 constructa
1007 444 1112 508 maior

96 555 148 616 est
161 550 294 616 dimidio
309 551 391 635 coni,
406 551 559 634 quoniam
574 551 603 615 si
618 551 737 615 circum
752 550 906 615 circulum
916 550 1111 634 quadratum

95 656 443 740 circumscripserimus
474 656 545 741 [IV,
570 658 602 738 7]
633 660 666 721 et
692 657 727 721 in
750 677 788 720 eo
811 656 1011 740 pyramidem
1036 679 1111 722 con·

97 762 312 828 struxerimus
336 763 470 827 eandem
494 763 701 827 altitudinem
724 762 914 845 habentem,
937 783 1034 846 quam
1058 785 1111 828 co-

94 892 165 953 nus,
183 866 326 954 pyramis
346 870 501 952 inscripta
521 868 654 934 dimidia
673 873 722 934 est
736 869 1010 954 circumscriptae3
1033 892 1111 934 nam

96 996 168 1039 eam
190 976 278 1040 iuter
300 997 335 1040 se
357 975 517 1040 rationem
536 975 668 1059 habent,
692 998 788 1059 quam
802 976 898 1040 bases
918 976 1024 1060 [prop.
1033 975 1109 1062 Vn,

96 1102 196 1151 conus
226 1085 334 1146 autem
360 1083 528 1165 pyramide
555 1083 796 1166 circumscripta
823 1082 929 1146 minor
957 1084 1014 1146 est.
1061 1104 1110 1147 se-

96 1191 209 1252 centur
232 1209 325 1252 arcus
345 1192 420 1272 EZ,
444 1191 524 1272 ZH,
546 1192 628 1273 ΗΘ,
652 1193 717 1253 ΘΕ
737 1190 772 1252 in
789 1188 918 1273 punctis
939 1192 981 1272 Ο,
1004 1193 1052 1272 Π,
1074 1193 1109 1273 Ρ,

95 1297 131 1358 Σ
146 1293 181 1357 in
199 1293 277 1358 duas
296 1298 405 1377 partes
423 1295 583 1380 aequales,
607 1299 640 1360 et
658 1295 818 1377 ducantur
835 1299 912 1379 ΘΟ,
932 1299 1008 1376 ΟΕ,
1027 1300 1110 1378 ΕΠ,

93 2456 132 2514 Π
136 2454 176 2533 Ζ,
209 2455 280 2534 ΖΡ,
312 2455 389 2530 ΡΗ,
422 2455 507 2531 ΗΣ,
540 2456 614 2515 ΣΘ.
665 2451 785 2535 singuli
816 2453 919 2539 igitur
951 2453 1109 2539 trianguli

92 2560 208 2640 ΘΟΕ,
244 2561 359 2642 ΕΗΖ,
397 2561 508 2642 ΖΡΗ,
543 2561 651 2622 ΗΣΘ
687 2559 835 2622 maiores·
864 2563 940 2624 sunt
975 2560 1109 2627 dimidio

94 2665 337 2748 segmentorum
361 2663 474 2728 circuli
498 2664 537 2728 ad
561 2685 616 2728 eos
639 2665 1108 2751 pertinentium[p.142,22].

94 2769 161 2832 iam
183 2769 218 2832 in
241 2769 381 2854 singulis
400 2769 573 2855 triangulis
593 2773 704 2854 ΘΟΕ,
727 2775 842 2854 ΕΠΖ,
867 2776 979 2857 ΖΡΗ,
1003 2777 1108 2839 ΗΣΘ

95 2875 241 2958 pyramis
261 2880 468 2941 construatur
482 2876 617 2941 eandem
633 2877 838 2941 altitudinem
857 2878 990 2961 habens,
1009 2900 1106 2962 quam

94 3001 202 3046 conus.
252 2982 373 3065 itaque*
391 2983 489 3047 etiam
518 2983 667 3066 singulae
697 2983 879 3066 pyramides
902 2988 1108 3050 constructae

93 3087 234 3152 maiores
258 3091 335 3152 sunt
358 3087 490 3154 dimidio
515 3092 756 3173 segmentorum
780 3089 852 3153 coni
876 3090 917 3153 ad
936 3112 990 3154 eas
1009 3093 1107 3174 perti·

93 3193 242 3257 nentium
266 3194 481 3279 [p.194,10].
522 3216 620 3281 quare
644 3195 673 3260 si
697 3217 789 3259 arcus
812 3195 954 3278 reliquos
974 3197 1107 3264 induas

93 3303 205 3381 partes
229 3301 380 3384 aequales
407 3302 602 3366 secuerimus
627 3305 659 3366 et
681 3305 785 3366 rectas
810 3301 995 3367 duxerimus
1019 3305 1109 3369 etin

95 3405 234 3490 singulis
261 3406 434 3491 triangulis
462 3408 645 3491 pyramides
674 3409 946 3473 construxerimus
974 3411 1108 3477 eandem

93 3511 302 3578 altitudinem
316 3513 484 3597 habentes,
504 3535 600 3598 quam
620 3536 729 3599 conus,
749 3519 781 3580 et
799 3514 861 3580 hcc
880 3536 1008 3600 semper
1025 3517 1108 3583 fece·
