2468 3952
149 194 213 259 378
548 198 729 248 mmm
748 199 768 249 1.

145 335 254 424 ἡΑΔ
277 335 410 423 ἡμίσεια
433 342 493 424 τῆς
510 344 585 405 ΑΒ.
616 335 698 423 ῥητὴ
717 335 783 424 ἄρα
801 337 857 403 καὶ
875 331 896 421 ἡ
915 341 992 401 ΑΔ.
1022 334 1080 400 καὶ
1100 333 1164 402 ἐπεὶ

146 442 395 512 πενταπλάσιον
418 442 456 511 τὸ
479 439 546 511 ἀπὸ
571 448 632 511 ΓΔ
654 447 716 511 τοῦ
740 440 816 511 ἀπὸ.
830 450 911 525 ΔΑ,
939 443 977 507 αλ
999 447 1079 524 ΓΔ,
1104 447 1165 507 ΔΑ

147 550 214 636 ἄρα
237 553 336 636 ῥηταί
357 555 444 617 εἰσιν
468 549 611 636 δυνάμει
635 549 743 636 μόνον
772 549 963 635 σύμμετροι.
1015 545 1164 632 ἀποτομὴ

147 655 212 743 ἄρα
240 655 261 742 ἡ
293 664 367 725 ΑΓ.
418 656 500 742 ῥητὴ
530 655 567 723 δὲ
594 653 614 741 ἡ
643 663 718 723 ΑΒ.
768 653 806 723 τὸ
835 654 872 722 δὲ
899 652 965 721 ἀπὸ
995 653 1165 740 ἀποτομῆς

112 761 235 850 οπαρὰ
263 761 367 848 ῥητὴν
394 762 693 848 παραβαλλόμενον
720 760 844 840 πλάτος
867 772 955 827 ποιεῖ
978 757 1164 846 ἀποτομήν·

147 867 297 955 ἀποτομὴ
327 869 393 956 ἄρα
424 869 515 936 ἐστὶν
543 866 564 954 ἡ
593 875 662 936 ΒΓ.
714 868 871 952 ἑκάτερον
899 863 964 952 ἄρα
992 870 1062 933 τῶν
1091 876 1123 933 Α
1130 871 1163 950 Γ,

146 982 207 1043 ΓΒ
231 973 383 1060 ἀποτομή
408 977 499 1043 ἐστιν
523 971 555 1041 ὀ·
578 973 857 1059 προσαρμόζουσα
881 970 918 1038 δὲ
940 975 1001 1057 τῆς
1019 970 1083 1057 μὲν
1102 977 1167 1040 ΑΓ

146 1078 273 1167 ἡΑΛ,
296 1091 354 1165 τῆς
377 1079 415 1147 οὲ
437 1085 498 1147 ΓΒ
522 1076 542 1166 ἡ
567 1085 636 1147 ΓΔ.

632 1277 681 1342 10.

416 1401 473 1465 Ad
496 1402 582 1466 libr.
606 1399 687 1464 XIII
710 1423 813 1484 prop.
839 1400 889 1464 18.

201 1518 329 1600 ’Ἄλλως
352 1519 402 1590 ὅτι
427 1529 546 1608 μείζων
570 1523 661 1590 ἐστὶν
684 1518 704 1608 ἡ
729 1528 801 1589 ΜΒ
825 1526 883 1607 τῆς
906 1527 983 1588 ΝΒ.

94 1643 126 1692 10
208 1623 297 1694 Ἐπεὶ
321 1628 385 1716 γὰρ
410 1633 509 1715 διπλῆ
534 1630 624 1696 ἐστιν
648 1627 668 1714 ἡ
688 1637 755 1694 ΑΛ
776 1630 833 1713 τῆς
852 1634 933 1712 ΔΒ,
957 1632 1079 1712 τριπλῆ
1100 1628 1161 1713 ἄρα

146 1731 166 1818 ἡ
190 1740 256 1799 ΑΒ
284 1738 342 1820 τῆς
365 1742 438 1802 ΒΔ.
485 1732 530 1813 ὥς
558 1733 595 1801 δὲ
622 1733 643 1819 ἡ
667 1741 733 1801 ΑΒ
756 1732 840 1819 πρὸς
861 1730 923 1818 τὴν
946 1739 1027 1817 ΒΔ,
1056 1730 1161 1811 οὕτως

144 1839 182 1907 τὸ
207 1838 274 1907 ἀπὸ
298 1844 356 1926 τῆς
378 1848 443 1908 ΑΒ
471 1838 555 1923 πρὸς
581 1840 618 1908 τὸ
642 1836 715 1932 ἀπὸΙ
736 1843 794 1925 τῆς
817 1845 879 1906 ΒΖ
903 1837 1020 1906 διὰτὸ
1044 1838 1160 1925 ἰσογώ-

145 1973 221 2014 νιον
245 1945 331 2015 εἶναι
354 1944 392 2014 τὸ
413 1953 507 2014 ΖΑΒ
530 1951 698 2032 τρίγωνον
720 1948 766 2036 τῷ
786 1951 881 2012 ΖΔΒ
900 1943 1062 2036 τριγώνῳ.
1096 1972 1160 2031 τρι-

145 2052 288 2121 πλάσιον
307 2054 372 2138 ἄρα
392 2052 429 2121 τὸ
449 2050 513 2120 ἀπὸ
534 2056 592 2137 τῆς
606 2060 672 2120 ΑΒ
691 2057 752 2120 τοῦ
772 2049 837 2119 ἀπὸ
857 2054 915 2137 τῆς
928 2058 1000 2120 ΒΖ.
1025 2055 1159 2139 ἐδείχθη

93 2172 125 2222 15
145 2160 182 2228 δὲ
209 2159 246 2226 τὸ
276 2158 342 2227 ἀπὸ
368 2170 427 2246 τῆς
453 2166 519 2226 ΑΒ
546 2161 609 2225 τοῦ
636 2155 702 2226 ἀπὸ
730 2161 788 2244 τῆς
811 2163 876 2224 ΚΛ
902 2160 1160 2226 πενταπλάσιον.

143 2267 240 2333 πέντε
264 2264 329 2350 ἄρα
351 2265 391 2334 τὰ
416 2263 481 2334 ἀπὸ
499 2269 558 2351 τῆς
577 2271 643 2332 ΚΛ
660 2266 749 2351 τρισὶ
767 2277 837 2344 τοῖς
859 2261 925 2331 ἀπὸ
944 2268 1003 2350 τῆς
1023 2271 1085 2332 ΖΒ
1105 2274 1159 2332 ἴσα

145 2373 244 2438 ἐστίν.
297 2369 380 2439 ἆλλὰ
413 2377 488 2456 τρία
520 2369 560 2437 τὰ
589 2367 653 2437 ἀπὸ
682 2374 741 2457 τῆς
764 2377 825 2438 ΖΒ
853 2370 888 2451 ἓξ
915 2374 983 2437 τῶν
1012 2367 1079 2438 ἀπὸ
1103 2374 1160 2457 τῆς

144 2483 212 2544 ΝΒ
240 2477 373 2561 μείζονά
402 2478 501 2544 ἐστιν.
552 2476 607 2543 καλ
634 2477 730 2543 πέντε
757 2474 824 2562 ἄρα
851 2475 891 2544 τὰ
919 2473 985 2542 ἀπὸ
1013 2479 1072 2561 τῆς
1096 2483 1158 2544 ΚΛ

144 2585 177 2665 ἓξ
203 2593 271 2651 τῶν
298 2579 364 2650 ἀπὸ
391 2586 450 2668 τῆς
472 2589 540 2650 ΝΒ
571 2581 705 2668 μείζονά
729 2585 829 2650 ἐστιν.
874 2580 957 2650 ὥστε
980 2583 1037 2649 καὶ
1060 2586 1098 2651 ἓν
1120 2580 1156 2649 τὸ

91 2702 125 2751 20
144 2687 209 2757 ἀπὸ
242 2691 301 2775 τῆς
332 2694 397 2754 ΚΛ
429 2688 507 2767 ἑνὸς
537 2692 598 2755 τοῦ
630 2685 695 2755 ἀπὸ
728 2692 786 2774 τῆς
815 2695 883 2756 ΝΒ
915 2690 1027 2775 μεῖζόν
1061 2692 1158 2757 ἐστιν.

142 2801 261 2882 μείζων
289 2793 356 2881 ἄρα
386 2792 406 2881 ἡ
430 2802 496 2862 ΚΛ
524 2799 584 2881 τῆς
605 2801 678 2862 ΝΒ.
725 2803 780 2881 ἴση
809 2796 847 2864 δὲ
874 2793 894 2881 ἡ
919 2802 984 2862 ΚΛ
1010 2800 1050 2884 τῇ
1075 2803 1158 2864 ΛΜ.

142 2909 261 2988 μείζων
285 2899 351 2988 ἄρα
381 2899 401 2987 ἡ
427 2909 508 2969 ΛΜ
529 2905 588 2987 τῆς
610 2909 687 2969 ΝΒ.
736 2905 848 2993 πολλῷ
873 2900 938 2988 ἄρα
960 2899 981 2988 ἡ
1005 2909 1078 2970 ΜΒ
1102 2907 1158 2989 τῆς

142 3013 214 3074 ΒΝ
236 3014 355 3093 μείζων
385 3009 487 3074 ἐστίν·
516 3005 597 3094 ὅπερ
626 3011 693 3075 ἔδει
717 3008 830 3088 δεῖξαι.
882 3005 933 3075 ὅτι
958 3006 996 3075 δὲ
1018 3014 1095 3092 τρία
1118 3007 1156 3075 τὰ

140 3109 206 3180 ἀπὸ
230 3117 288 3198 τῆς
311 3120 372 3180 ΖΒ
396 3114 428 3194 ἓξ
451 3122 519 3181 τῶν
542 3111 608 3179 ἀπὸ
631 3116 689 3198 τῆς
712 3119 785 3180 ΒΝ
803 3113 937 3199 μείζονά
960 3116 1068 3199 ἐστιν,
1094 3119 1157 3182 δεί-

214 3294 255 3344 10.
275 3288 344 3345 Posh
362 3291 455 3356 δεῖξαι
472 3308 499 3359 p.
520 3295 581 3371 339,
603 3297 636 3343 14
654 3290 718 3345 hab.
737 3288 852 3361 PBVq.

142 3389 354 3399 ..ω-...-

81 3486 87 3519 ;
151 3494 159 3507 ,
213 3454 238 3502 ⁷.
258 3444 292 3521 ὀ]
311 3449 339 3506 h.
359 3465 382 3504 e.
402 3442 472 3516 ὅπερ
492 3447 551 3504 ἔδει
570 3449 671 3514 δεῖξαι.
762 3456 787 3506 9.
806 3449 874 3505 Post
890 3453 946 3505 ΝΒ
966 3451 1029 3506 add.
1050 3452 1089 3506 V:
1110 3449 1157 3508 ἅλ-

81 3520 195 3696 ηο
212 3519 355 3588 δριντέον,
379 3515 423 3574 ὅτι
441 3521 543 3590 μείζων
567 3516 643 3574 ἐστὶν
666 3516 683 3590 ἡ
707 3521 757 3574 τοῦ
777 3519 963 3592 εἰκοσαέδρου
981 3521 1091 3594 πλεορά
1110 3525 1159 3595 τῆς
