2468 3952
365 192 639 245 aaararroaorr
657 194 766 244 Lraaa
784 195 858 245 xm.
1062 191 1125 255 321

175 338 241 401 iam
266 337 352 421 dieo,
378 337 465 401 latus
493 335 683 401 dodeoaedri
706 337 929 401 irrationalem
956 359 1025 403 esse
1049 360 1127 422 apo-

105 448 218 508 tomen
242 465 324 528 quae
347 448 491 508 uocatur.
541 465 618 508 nam
650 445 805 527 quoniam
829 447 890 508 ΡΟ
918 444 1022 509 maior
1049 466 1127 527 pars

107 555 159 615 est
183 554 291 616 rectae
314 554 353 615 N
356 554 385 613 0
408 551 585 616 seeundum
608 551 768 615 rationem
797 553 976 614 extremam
1000 572 1038 615 ac
1061 574 1126 615 me·

106 657 196 720 diam
226 656 364 740 diuisae,
393 660 425 720 et
453 659 522 720 ΟΣ
547 657 653 722 maior
679 679 756 741 pars
786 661 836 721 est
864 661 971 722 reatae
996 656 1059 730 ΟΞ
1080 680 1127 721 ae-

108 762 250 828 oundum
276 763 438 828 rationem
467 767 646 828 extremam
676 785 712 827 ao
736 763 876 828 mediam
900 764 1034 847 diuisae,
1064 768 1129 828 ΡΣ

108 870 213 934 maior
241 891 316 954 pars
345 875 395 934 est
418 871 520 935 totius
548 872 654 934 reatae
678 869 747 943 ΝΞ
768 869 943 934 seeundum
967 871 1127 935 rationem

108 980 285 1041 extremam
315 999 352 1041 ao
379 976 520 1041 mediam
548 976 681 1041 diuisae.
732 976 886 1060 quoniam
916 973 1034 1062 enim¹)
1058 980 1128 1040 ΝΟ

106 1106 115 1146 t
133 1085 246 1145 OP=
264 1086 345 1147 OP:
359 1087 438 1168 ΡΝ,
463 1083 562 1147 etiam
582 1083 680 1166 dupla
699 1083 834 1147 eandem
853 1084 1011 1147 rationem
1029 1081 1127 1147 habe·

107 1188 206 1272 bunt3
225 1211 303 1253 nam
322 1192 432 1272 partes
452 1189 586 1253 eandem
599 1189 760 1253 rationem
774 1189 899 1254 habent
913 1211 1010 1272 quam
1026 1210 1127 1273 aeque

108 1296 306 1380 multiplicia
322 1294 376 1378 [V‚
393 1295 456 1376 15].
480 1295 591 1378 itaque
608 1295 676 1368 ΝΞ
683 1320 690 1360 :
702 1300 768 1359 ΡΣ
775 1325 817 1349 =
831 1299 910 1360 ΡΣε
921 1298 959 1359 N
961 1297 1037 1375 Ρ-Ι-
1050 1295 1127 1368 ΣΞ.

107 1403 165 1466 aed
180 1402 249 1476 ΝΞ
260 1411 295 1475 >
309 1405 380 1467 ΡΣ.
410 1402 519 1485 itaque
535 1402 633 1466 etiam
647 1405 715 1466 ΡΣ
725 1412 761 1475 >
774 1405 813 1466 Ν
814 1404 896 1483 Ρ-Ι-
912 1401 979 1474 ΣΞ
991 1401 1046 1486 [V,
1063 1403 1128 1482 14].

108 1527 187 1590 ergo
206 1508 276 1581 ΝΞ
297 1507 471 1573 seeundum
490 1507 651 1572 rationem
670 1512 847 1572 extremam
868 1530 905 1573 ae
922 1508 1062 1572 mediam
1081 1508 1126 1571 di·

109 1614 182 1677 uisa
206 1616 263 1696 est,
288 1617 321 1678 et
343 1615 447 1678 maio'r
470 1636 546 1698 pars
571 1615 640 1678 eius
664 1617 715 1678 ost
732 1617 803 1679 ΡΣ.
842 1614 898 1678 sed
922 1618 986 1678 ΡΣ
999 1644 1040 1667 =
1059 1618 1126 1679 ro.

107 1719 219 1802 itaque
246 1723 310 1783 ΤΦ
337 1719 441 1785 maior
468 1741 545 1803 pars
574 1723 625 1785 est
651 1725 759 1785 reatae
781 1718 854 1791 ΝΞ
875 1720 1051 1784 seeundum
1075 1742 1126 1784 ra-

105 1825 230 1889 tionem
250 1829 428 1889 extremam
448 1847 485 1890 ao
505 1825 645 1890 mediam
665 1827 797 1892 diuisae.
834 1829 867 1891 et
886 1826 1041 1910 quoniam
1061 1825 1126 1890 die·

107 1935 230 1996 metrus
264 1932 419 2016 sphaerae
452 1932 622 1997 rationalis
656 1936 707 1998 eat
737 1937 770 1997 et
796 1933 897 1997 latore
926 1931 999 1996 cubi
1027 1932 1126 2016 triplo

107 2039 211 2103 maior
240 2043 290 2103 est
318 2039 480 2123 potentia,
508 2038 607 2103 etiam
631 2039 711 2123 ΝΞ,
739 2061 821 2123 quae
850 2037 937 2102 latus
965 2041 1016 2101 est
1043 2038 1126 2113 aubi,

84 2143 279 2209 rationalis
304 2148 362 2208 est.
400 2144 451 2208 ain
473 2147 563 2209 reeta
581 2144 752 2210 rationalis
772 2145 948 2209 seeundum
966 2144 1126 2208 rationem

106 2255 287 2315 extremam
312 2272 349 2315 ao
373 2250 512 2315 mediam
537 2250 706 2336 diuiditur,
734 2254 870 2335 utraque
899 2272 975 2335 pars
999 2251 1126 2316 irratio·

106 2356 192 2420 nalis
221 2358 271 2420 eat
298 2359 448 2440 apotome
474 2356 675 2440 [prop.V1].
721 2379 798 2442 ergo
824 2363 904 2455 m,
933 2380 1014 2444 quae
1037 2359 1125 2424 latus

107 2464 159 2525 est
182 2461 384 2547 dodecaedri,
407 2460 606 2528 irrationalis
630 2467 680 2528 est
703 2468 863 2548 apotome.

181 2655 207 2722 1)
226 2654 369 2709 Uooabulo
388 2652 449 2710 οἷον
463 2655 512 2710 lin.
528 2661 542 2709 7
561 2655 673 2710 uidetur
692 2655 853 2726 significari,
871 2659 978 2712 rectam
992 2660 1025 2711 N
1028 2657 1056 2715 Ξ
1068 2673 1124 2712 non

106 2725 219 2796 proprie
239 2725 391 2780 seeundum
410 2726 547 2780 rationem
566 2729 718 2781 extremam
733 2744 767 2781 ao
780 2728 902 2783 mediam
917 2727 1037 2782 diuisam
1052 2744 1124 2792 ease,

108 2796 175 2863 quia
197 2813 262 2866 pars
284 2795 376 2851 minor
399 2813 432 2851 ex
452 2800 520 2865 NP,
548 2800 607 2857 ΣΞ
628 2797 760 2852 diiunctis
784 2797 939 2866 composita
958 2802 1009 2853 eat.
1046 2797 1123 2864 quod

107 2867 156 2920 hio
173 2884 272 2936 parum
291 2868 385 2935 refert,
404 2868 471 2937 quia
489 2868 594 2924 maiore
613 2872 693 2938 parte
714 2868 775 2922 sola
793 2869 906 2922 utimur.
936 2869 984 2922 aed
1003 2867 1122 2920 fortasse

107 2939 185 2992 totus
208 2939 286 2992 loeus
310 2936 371 2993 οἷον
393 2939 441 2994 lin.
463 2945 477 2993 7
498 2970 532 2980 -
553 2936 628 2993 ἔστιν
651 2935 669 3006 ἡ
689 2943 742 2992 ΡΣ
763 2939 811 2993 lin.
833 2944 866 2991 14
890 2937 1048 2991 subditiuus
1072 2940 1121 2991 eat.
