2468 3952
167 210 233 276 220
537 212 740 265 Στοωειοω
758 207 809 284 ρ’,
1192 148 1217 195 ⁸

224 351 400 421 Ἔστωσαν
422 352 488 440 γὰρ
512 353 565 421 ἐπὶ
589 361 672 421 ἴσων
695 353 829 438 βᾶσεων
852 355 920 420 τῶν
939 360 971 420 Α
977 359 1020 438 Β,
1043 357 1108 419 ΓΔ
1131 350 1189 419 κύ-

166 467 257 527 κλων
283 458 460 547 κύλινδροι
488 462 524 527 ολ
550 467 628 544 ΕΒ,
657 466 732 526 ΖΛ·
761 460 862 545 λέγω,
890 457 942 526 ὅτι
970 457 1061 525 ἐστὶν
1092 453 1141 537 ὥς
1169 455 1215 555 ὁ,

167 572 230 633 ΕΒ
253 565 435 653 κύλινδρος
457 564 541 654 πρὸς
558 564 619 633 τὸν
643 572 706 632 ΖΛ
727 564 923 652 κύλινδρον,
947 561 1054 643 οὕτως
1078 561 1097 631 5
1117 569 1188 630 ΗΘ

167 670 257 754 ἄξων
279 671 362 759 πρὸς
383 671 444 741 τὸν
467 679 533 739 ΚΛ
557 671 669 753 ἄξονα.

131 796 148 846 5
231 775 466 865 Ἐκβεβλήσθω
495 777 560 866 γὰρ
589 775 607 846 5
631 784 697 845 ΚΛ
724 775 814 858 ἄξων
838 775 891 844 ἐπὶ
913 773 952 844 τὸ
975 782 1014 843 Ν
1034 789 1187 862 σημεῖον,

165 884 222 951 καὶ
244 889 371 951 κείσθω
394 887 440 974 τῷ
461 890 529 951 ΗΘ
552 881 648 964 ἄξονι
672 891 745 962 ίσος
764 880 783 951 5
802 889 888 967 AN,
911 881 1060 968 καὶπερὶ
1079 880 1188 963 ἄξονα

165 990 227 1059 τὸν
256 997 331 1058 ΛΝ
358 988 539 1077 κύλινδρος
565 989 746 1076 νενοήσθω
779 987 797 1057 5
824 995 907 1057 ΓΜ.
958 989 1028 1056 ἐπεὶ
1058 980 1124 1055 ούν
1154 990 1197 1056 οί·

167 1105 246 1182 ΕΒ,
274 1103 349 1165 ΓΜ
372 1094 549 1183 κύλινδροι
575 1092 642 1164 ύπὸ
670 1095 710 1164 τὸ
737 1093 820 1163 αύτὸ
848 1093 936 1176 ὕψος
963 1098 1067 1179 είσίν,
1101 1093 1188 1181 πρὸς

167 1201 332 1290 ἀλλήλους
355 1203 441 1271 είσλν
465 1200 510 1283 ὡς
532 1205 570 1270 αί
590 1202 713 1288 βάσεις.
751 1210 821 1269 ίσαι
845 1203 885 1270 δέ
905 1205 992 1270 είσιν
1016 1202 1053 1296 αί
1069 1199 1188 1286 βάσεις

115 1327 148 1376 10
167 1307 339 1395 ἀλλήλαις·
370 1317 438 1377 ίσοι
465 1307 532 1397 ἄρα
559 1309 623 1377 είσὶ
650 1310 706 1377 καί
735 1311 770 1376 ολ
791 1315 870 1391 ΕΒ,
898 1310 973 1377 ΓΜ
997 1306 1187 1396 κύλινδροι.

167 1398 223 1481 aba
251 1414 321 1481 ἐπεὶ
348 1416 529 1503 κύλινδρος
556 1413 574 1483 5
599 1414 688 1483 ΖΜ
704 1417 847 1506 ἐπιπέδῳ
874 1414 1029 1501 τέτμηται
1050 1417 1099 1505 τῷ
1122 1419 1188 1481 ΓΔ

167 1520 368 1612 παραλλήλῳ
393 1519 465 1588 ἄντι
488 1533 559 1601 τοῖς
581 1518 783 1588 ἀπεναντίον
807 1523 985 1606 ἐπιπέδοις,
1009 1525 1101 1588 ἔστιν
1119 1518 1188 1607 ἄρα

167 1624 213 1707 ὥς
236 1624 254 1695 5
278 1632 356 1695 ΓΜ
372 1626 552 1714 κύλινδρος
574 1626 659 1715 πρὸς
681 1626 741 1695 τὸν
765 1633 828 1694 ΖΛ
849 1626 1049 1711 κύλινδρον,
1078 1626 1188 1706 οὕτως

168 1730 186 1802 5
210 1739 281 1801 ΛΝ
308 1732 399 1815 ἄξων
426 1732 510 1820 πρὸς
535 1732 597 1801 τὸν
620 1740 685 1800 ΚΛ
712 1731 826 1814 ἄξονα.
877 1741 949 1811 ἴσος
977 1733 1017 1800 δέ
1041 1733 1135 1800 ἐστιν
1164 1729 1183 1801 ὁ

116 1857 148 1906 15
167 1839 229 1927 μὲν
248 1846 327 1908 ΓΜ
338 1839 525 1927 κύλινδρος
545 1843 592 1931 τῷ
611 1847 674 1907 ΕΒ
692 1844 883 1931 κυλίνδρῳ,
906 1837 926 1907 5
947 1839 985 1907 δὲ
1003 1837 1188 1921 ΛΝᾶξων

166 1957 213 2039 τῳ
240 1953 310 2014 ΗΘ
337 1946 447 2028 ἄξονι·
475 1950 566 2013 ἔστιν
592 1943 659 2033 ἄρα
685 1944 732 2024 ὥς
760 1943 778 2013 5
803 1953 866 2013 ΕΒ
893 1943 1074 2032 κύλινδρος
1101 1943 1188 2032 πρὸς

166 2051 228 2120 τὸν
252 2059 315 2119 ΖΛ
335 2050 531 2139 κύλινδρον,
555 2049 661 2131 ούτως
685 2048 703 2119 5
727 2057 796 2118 ΗΘ
818 2049 908 2132 ἄξων
930 2049 1015 2134 πρὸς
1036 2049 1098 2117 τὸν
1122 2056 1188 2118 ΚΛ

168 2158 281 2240 ἄξονα.
327 2157 373 2237 ὡς
400 2158 438 2226 δὲ
461 2154 480 2225 5
503 2165 566 2225 ΕΒ
589 2158 771 2245 κύλινδρος
797 2155 883 2244 πρὸς
904 2155 966 2224 τὸν
991 2162 1052 2222 ΖΔ
1074 2155 1189 2224 κύλιν·

168 2267 267 2351 δρον,
298 2261 405 2342 ούτως
434 2260 452 2330 5
476 2269 586 2331 ΑΒΗ
608 2266 717 2342 κῶνος
743 2260 827 2349 πρὸς
852 2261 914 2329 τὸν
937 2266 1039 2329 ΓΔΚ
1063 2266 1187 2332 κῶνον.

114 2387 149 2437 20
167 2369 223 2436 καὶ
252 2366 298 2448 ως
320 2367 386 2452 ἄρα
410 2367 428 2437 5
452 2376 520 2436 ΗΘ
542 2368 633 2451 ἄξων
651 2368 735 2456 πρὸς
756 2367 818 2436 τὸν
841 2373 906 2435 ΚΛ
929 2366 1050 2453 ἄξονα,
1079 2366 1189 2449 οὕτως

169 2472 187 2542 5
211 2482 322 2542 ΑΒΗ
339 2478 448 2555 κῶνος
469 2473 553 2559 πρὸς
575 2473 636 2542 τὸν
658 2481 761 2543 ΓΔΚ
782 2478 895 2543 κωνον
917 2473 974 2542 καί
998 2471 1016 2541 5
1040 2481 1105 2541 ΕΒ
1129 2474 1189 2542 κύ-

168 2584 305 2668 λινδρος
327 2580 410 2668 πρὸς
431 2580 493 2649 τὸν
517 2589 580 2649 ΖΛ
601 2581 800 2668 κύλινδρον·
825 2578 905 2668 ὅπερ
929 2584 997 2648 ἔδει
1021 2582 1138 2662 δείξαι.

653 2791 705 2862 ιε’.

238 2918 323 2984 Των
347 2924 447 2984 ίσων
465 2916 603 2984 κύνων
622 2917 686 2984 καί
704 2920 932 3005 κυλίνδρων
951 2914 1188 2987 ἀντιπεπόν-

113 3040 149 3092 25
168 3013 290 3091 θάσιν
313 3025 354 3089 αί
371 3022 508 3109 βάσεις
525 3034 608 3102 τοίς
626 3022 783 3104 ὕψεσιν·
807 3023 871 3091 καὶ
891 3015 944 3091 ἄν
962 3023 1101 3092 καίνων
1120 3026 1189 3092 καὶ

167 3126 392 3217 κυλίνδρων
411 3125 758 3198 ἀντιπεπόνθασιν
777 3131 819 3207 αλ
834 3129 971 3216 βάσεις
989 3141 1074 3210 τοίς
1091 3127 1188 3212 ἄψε-

168 3255 248 3320 σιν,
274 3243 357 3304 ίσοι
380 3237 485 3304 είσλν
508 3238 668 3305 ἐκείνοι.
748 3238 753 3247 “

241 3460 265 3523 1’.
284 3463 408 3539 κύκλων]
428 3484 482 3523 om.
503 3466 602 3523 Theon
621 3465 728 3537 (BVq).
808 3471 833 3521 2.
853 3471 914 3534 ZA,
933 3470 988 3521 ΕΒ
1007 3467 1086 3537 BVq
1104 3471 1139 3538 (Ζ
1157 3469 1189 3525 in

168 3533 195 3589 V
214 3553 369 3608 suprascr.
389 3557 426 3593 m.
446 3542 481 3607 1).
555 3543 579 3594 5.
599 3538 662 3609 ΚΑ]
681 3543 709 3593 Κ
725 3538 777 3594 ins.
796 3556 833 3595 m.
855 3544 869 3592 1
888 3537 923 3596 V.
998 3535 1043 3610 τό]
1062 3555 1134 3594 corr.
1154 3556 1190 3595 ex

81 3598 168 3720 Ν
