2468 3952
362 219 640 273 mansuroaun
657 221 767 271 amaa
784 222 846 274 xn.
1045 217 1109 282 193

26 352 33 362 ’
94 367 137 432 ab
162 388 199 430 eo
223 363 536 448 comprehenditur);
560 363 646 448 quod
669 363 739 427 fieri
762 385 828 428 non
850 367 969 448 potest.
999 364 1109 448 itaque

96 473 261 556 cylindrus
285 470 388 535 maior
411 491 478 534 non
501 473 551 534 ost
575 492 671 554 quam
694 469 794 553 triplo
817 470 921 535 maior
944 490 1033 536 cono.

161 577 231 643 Iam
250 578 334 660 dico,
353 576 537 660 cylindrum
550 597 591 640 na
610 577 767 641 minorem
783 576 912 660 quidem
927 598 998 641 esso
1013 598 1110 660 quam

94 684 195 768 triplo
219 683 377 748 maiorem
400 704 491 747 cono.

161 788 247 854 Nam
267 790 295 853 si
313 789 384 854 fieri
401 791 518 872 potest,
538 789 581 852 sit
594 789 761 872 cylindrus
777 775 883 853 minor
897 810 994 873 quam
1009 789 1109 873 triplo

95 896 202 960 maior
225 917 316 961 cono.
354 917 370 958 e
394 895 558 959 contrario
582 896 683 980 igitur
702 918 802 960 conus
822 897 926 960 maior
944 898 995 959 est
1011 896 1110 960 tertia

95 1006 189 1086 parte
213 1001 358 1086 cylindri.
403 1002 470 1065 iam
487 1002 521 1065 in
544 1001 665 1065 circulo
688 1005 822 1066 ΑΒΓΔ
846 1002 1039 1086 quadratum
1061 1003 1110 1066 in-

96 1107 258 1173 scribatur
281 1110 415 1173 ABI'A
440 1106 511 1192 [IV,
535 1108 579 1188 6].
625 1109 734 1191 itaque
758 1108 952 1192 quadratum
976 1112 1111 1175 ΑΒΓΔ

95 1215 200 1281 maius
225 1217 275 1278 ast
299 1235 394 1298 quam
418 1213 586 1278 dimidium
609 1213 723 1278 circuli
741 1217 875 1277 ΑΒΓΔ
895 1216 1109 1299 [p.142,11].

96 1324 129 1385 at
155 1322 190 1386 in
218 1321 376 1405 quadrato
403 1322 538 1384 ΑΒΓΔ
566 1320 708 1403 pyramis
739 1323 946 1385 construatur
973 1322 1138 1391 eundem.

94 1428 251 1492 uerticem
270 1427 404 1511 habens,
421 1448 518 1510 quem
537 1448 645 1491 conus.
675 1427 787 1510 itaque
805 1427 952 1510 pyramis
971 1429 1018 1492 ita
1037 1450 1111 1493 con·

17 1570 23 1579 1
95 1537 220 1598 structa
247 1534 351 1598 maior
379 1537 429 1596 est
452 1554 548 1616 quam
572 1531 740 1597 dimidium
763 1533 850 1615 coni,
878 1535 1044 1618 quoniam,
1073 1538 1111 1599 ut

96 1661 194 1723 supra
216 1639 519 1704 demonstrabamus
539 1640 584 1722 [p.
601 1639 665 1703 143
678 1641 746 1702 not.
758 1640 802 1721 ll,
825 1640 852 1702 si
871 1640 990 1704 circum
1010 1640 1110 1704 circu-

95 1746 163 1809 lum
183 1746 376 1831 quadratum
394 1745 740 1829 circumscripserimus
760 1744 831 1827 [IV,
847 1746 895 1829 7],
915 1745 1110 1828 quadratum

96 1855 228 1916 ΑΒΓΔ
247 1851 415 1917 dimidium
435 1852 496 1916 erit
510 1851 659 1934 quadrati
673 1851 793 1916 circum
808 1850 962 1915 circulum
978 1853 1110 1916 circum·

97 1958 225 2042 scripti3
250 1961 284 2023 et
306 1959 333 2022 si
356 1959 391 2022 in
415 1956 581 2042 quadratis
606 1956 712 2022 solida
734 1956 1013 2041 parallelepipeda
1036 1979 1110 2022 ean·

96 2063 168 2128 dem
183 2064 388 2129 altitudinem
407 2064 571 2147 habentia,
590 2085 686 2147 quam
703 2085 812 2148 conus,
826 2065 1110 2149 construxerimus,

96 2192 179 2256 quae
207 2171 320 2235 eadam
347 2171 507 2256 prismata
530 2174 701 2253 uocantur,
729 2170 869 2234 solidum
892 2171 927 2234 in
950 2171 1110 2255 quadrato

95 2280 230 2340 ΑΒΓΔ
253 2279 475 2341 constructum
499 2276 668 2341 dimidium
692 2278 754 2341 erit
773 2277 868 2342 solidi
882 2280 1059 2343 constructi
1077 2279 1112 2343 in

97 2382 255 2466 quadrato
289 2382 410 2446 circum
444 2381 600 2447 circulum
632 2383 874 2468 circumscripto
912 2381 1002 2471 (nam
1039 2407 1111 2451 eam

96 2489 181 2552 inter
205 2510 238 2552 se
257 2489 418 2553 rationem
437 2487 559 2553 habent
578 2510 677 2573 quam
694 2485 804 2575 bases)
825 2489 980 2574 [X1,32].
1013 2513 1111 2576 quare

98 2595 198 2658 etiam
217 2597 328 2677 partes
347 2594 472 2658 tertiae.
503 2596 612 2678 itaqua
631 2595 731 2659 etiarn
744 2598 899 2679 pyramis,
918 2598 1008 2663 cuius
1022 2599 1110 2664 basis

96 2705 149 2764 cst
172 2701 365 2784 quadratum
384 2703 532 2786 ΑΒΓΔ,
556 2701 724 2765 dimidium
749 2705 799 2766 est
819 2704 1005 2787 pyramidis,
1029 2727 1111 2789 quaa

96 2807 131 2871 in
155 2807 312 2891 quadrato
336 2807 456 2871 circum
476 2808 632 2871 circulum
650 2807 895 2892 circumscripto
915 2811 1112 2875 construitur

98 2913 202 2997 [prop.
230 2913 295 2977 VII
324 2913 457 2994 coroll.].
485 2917 540 2999 ⁸et
568 2913 714 2996 pyramis
742 2915 777 2977 in
805 2915 962 2997 quadrato
989 2916 1110 2980 circum

96 3019 251 3084 circulum
271 3020 514 3103 circumscripto
534 3023 721 3084 constructa
740 3020 845 3084 maior
858 3024 909 3083 ast
923 3042 1003 3084 cono
1020 3017 1111 3107 (nam

97 3147 170 3190 aum
194 3124 461 3209 comprehendit).
510 3126 621 3210 itaque
644 3127 801 3210 pyramis,
829 3125 921 3191 cuius
948 3126 1037 3190 basis
1062 3131 1112 3192 est

95 3350 273 3422 τετράγωνον
292 3353 377 3423 BVq.
476 3359 517 3408 15.
532 3347 631 3424 ἥμισυ]
650 3373 706 3424 -μι-
725 3353 754 3407 in
773 3370 826 3408 ras.
846 3354 879 3408 V.
972 3360 1013 3410 16.
1033 3374 1110 3424 περι-

96 3423 305 3495 γεγραμμένου]
324 3423 573 3494 περιγραφομένου
592 3424 625 3478 V.
711 3423 901 3496 τετραγώνου]
921 3441 974 3480 om.
994 3426 1027 3481 V.

98 3500 140 3550 18.
160 3499 243 3550 ιιιιὴιῐ
257 3495 288 3550 in
306 3497 361 3550 fine
375 3495 423 3549 liu.
439 3494 468 3550 P.
525 3501 566 3550 19.
586 3495 650 3566 τοῦ]
670 3497 741 3566 (alt.)
761 3513 830 3551 corr.
850 3513 884 3550 ex
901 3493 934 3551 τό
952 3515 988 3552 m.
1001 3502 1015 3551 1
1027 3499 1057 3551 P.

97 3571 140 3622 22.
160 3567 224 3635 τρία
242 3583 273 3635 q,
293 3583 362 3623 corr.
381 3584 417 3621 m.
438 3572 462 3621 1.
535 3572 577 3620 23.
597 3564 673 3621 ἔστιν
692 3568 722 3622 Ρ.
794 3573 838 3624 27.
857 3566 984 3638 περιέχει
1002 3586 1028 3638 q.

150 3665 302 3718 Euclides,
316 3666 366 3706 add.
381 3665 483 3714 Raibarg
497 3667 521 3706 al
532 3665 621 3715 Mangc.
644 3667 684 3707 IV.
918 3663 951 3712 13
