2468 3952
130 197 195 262 288
504 194 706 249 ΣΤΟΙΧΕΙΩΝ
725 190 774 262 ιγ’.

129 343 188 426 τῆς
210 345 289 424 ΕΔ,
312 339 461 406 τουτέστι
483 340 546 405 τοῦ
569 333 635 404 άπὸ
657 338 716 422 τῆς
738 341 811 401 ΒΕ.
857 341 935 403 ίσον
959 332 998 401 δὲ
1021 331 1060 402 τὸ
1084 331 1146 402 άπὸ

130 430 284 532 τῆςΑΕ
313 456 384 524 τοῖς
414 441 480 512 άπὸ
510 447 579 512 τῶν
607 449 687 527 ΑΒ,
716 447 792 508 ΒΕ·
824 438 864 507 τὰ
894 434 960 527 άρα
986 437 1055 508 άπὸ
1083 442 1148 508 τῶν

132 559 211 637 ΑΒ,
229 558 295 619 ΒΕ
315 548 537 635 τετραπλάσιά
561 550 629 616 ἐστι
651 551 713 615 τού
735 544 801 614 άπὸ
825 549 885 634 τῆς
902 553 975 614 ΒΕ.
1001 544 1148 614 διελόντι

130 655 196 743 άρα
222 654 261 724 τὸ
289 655 355 725 άπὸ
383 659 442 743 τῆς
469 662 533 723 ΑΒ
565 652 764 742 τριπλάσιόν
796 655 866 721 ἐστι
891 655 953 720 τοῦ
980 649 1050 720 άπὸ
1078 658 1148 720 ΒΕ.

95 771 186 850 σίση
214 762 252 831 δέ
278 760 299 849 ἡ
322 769 389 830 ΒΕ
412 765 452 850 τῇ
479 768 558 831 ΔΕ·
585 760 623 828 τὸ
653 757 718 847 ἄρα
745 757 811 828 άπὸ
838 762 897 846 τῆς
919 765 985 825 ΑΒ
1013 755 1148 846 τριπλά-

130 869 207 938 σιόν
230 871 299 938 ἐστι
321 873 384 936 τοῦ
408 866 474 936 άπὸ
497 871 555 954 τῆς
579 874 655 935 ΔΕ.

191 975 234 1042 Ἡ
265 973 330 1060 άρα
356 977 418 1042 τού
444 972 613 1061 τριγώνου
640 969 767 1061 πλευρά
788 969 940 1057 ,δυνάμει
968 975 1148 1058 τριπλασία

131 1081 199 1148 ἐστὶ
217 1085 276 1168 τῆς
295 1083 330 1148 ἐκ
347 1083 410 1148 τού
427 1080 569 1168 κε’ντρου
588 1081 662 1162 [τοῦ
680 1079 833 1163 κύκλου]·
853 1077 934 1164 ὅπερ
949 1080 1019 1144 ἔδει
1035 1078 1148 1158 δείξαι.

613 1281 670 1341 ιγ.

79 1396 111 1445 10
200 1383 412 1466 Πυραμίδα
449 1378 725 1464 συστήσασθαι
760 1377 825 1444 καὶ
863 1382 1014 1466 σφαίρᾳ
1046 1400 1150 1464 περι-

130 1490 270 1570 λαβεῖν
298 1488 343 1573 vy}
372 1487 540 1573 δοθείσῃ
569 1485 634 1552 καὶ
656 1486 802 1570 δείξαι,
827 1481 887 1551 ὅτι
904 1480 925 1569 ἡ
944 1486 1014 1570 της
1033 1488 1149 1570 σφαί-

131 1616 201 1678 ρας
224 1588 434 1679 διάμετρος
458 1587 625 1677 δυνάμει
648 1584 811 1676 ἡμιολία
834 1589 919 1657 ἐστὶ
941 1592 1012 1675 τῆς
1035 1597 1149 1658 πλευ·

131 1701 200 1785 ρᾶς
222 1701 293 1783 τῆς
315 1701 549 1784 πυραμίδος.

196 1801 377 1870 Ἐκκείσθω
409 1797 430 1888 ἡ
461 1805 520 1888 τῆς
539 1805 712 1888 ’δοθείσης
744 1807 890 1892 σφαίρας
920 1799 1100 1889 διάμετρος
1128 1798 1148 1887 ἡ

79 1923 112 1973 15
132 1916 214 1995 AB,
242 1908 298 1976 καὶ
321 1905 497 1993 τετμήσθω
524 1905 669 1976 κατὰτὸ
693 1913 725 1975 Γ
742 1919 897 1995 σημείου,
925 1904 1011 1975 ὥστε
1035 1911 1149 1976 διπλα-

131 2021 208 2084 σίαν
236 2012 323 2083 εἶναι
349 2011 412 2099 τὴν
436 2011 505 2081 ΑΓ
527 2017 586 2099 τῆς
607 2018 682 2081 ΓΒ·
712 2013 769 2081 καλ
796 2011 981 2103 γεγράφθω
1010 2014 1065 2082 ἐπὶ
1093 2019 1150 2101 τῆς

130 2127 195 2188 ΑΒ
223 2118 423 2207 ἡμικύκλιον
450 2117 489 2187 τὸ
513 2126 629 2203 ΑΔΒ,
655 2120 712 2186 καὶ
739 2117 836 2207 ἤχθω
865 2117 930 2187 άπὸ
954 2123 1016 2187 τού
1041 2124 1074 2188 Γ
1093 2140 1150 2208 ση-

131 2231 227 2311 μείου
258 2230 298 2314 τῇ
326 2233 391 2293 ΑΒ
423 2224 506 2315 πρὸς
534 2222 643 2313 ὀρθάς
669 2223 690 2311 ἡ
718 2232 795 2311 ΓΔ,
827 2226 883 2294 καὶ
911 2225 1101 2312 ἐπεζεύχθω
1127 2225 1148 2312 ἡ

132 2338 211 2397 ΛΑ·
245 2330 302 2398 καὶ
333 2333 496 2400 ἐκκείσθω
530 2330 653 2411 κύκλος
681 2327 699 2399 ὁ
728 2338 834 2399 ΕΖΗ
866 2340 944 2418 ίσην
971 2336 1059 2419 ἔχων
1086 2333 1150 2421 τὴν

78 2449 113 2499 20
132 2439 168 2504 ἐκ
190 2441 252 2503 τοῦ
270 2437 412 2521 κέντρου
430 2440 469 2526 τῇ
485 2443 561 2523 ΔΓ,
584 2436 641 2504 καὶ
660 2437 882 2527 ἐγγεγράφθω
901 2441 948 2518 είς
965 2436 1028 2506 τὸν
1047 2445 1155 2507 ΕΖΗ

131 2541 257 2610 κύκλον
284 2548 452 2629 τρίγωνον
479 2542 681 2633 ἰσόπλευρον
709 2543 747 2611 τὸ
770 2550 888 2611 ΕΖΗ·
914 2545 971 2612 καὶ
994 2545 1149 2632 εἰλήφθω

131 2647 169 2715 τὸ
192 2648 332 2736 κέντρου
355 2658 416 2717 τοῦ
439 2648 565 2717 κύκλου
587 2648 625 2718 τὸ
646 2657 676 2718 Θ
698 2662 847 2737 σημεῖον,
871 2650 927 2717 καὶ
947 2650 1150 2738 ἐπεζεύχθω-

132 2774 196 2822 σαν
220 2757 258 2821 αί
278 2761 358 2840 ΕΘ,
381 2761 458 2840 ΘΖ,
486 2761 567 2822 ΘΗ·
596 2756 653 2823 καὶ
676 2754 843 2824 άυεστάτω
867 2753 932 2824 άπὸ
955 2760 1018 2825 τοῦ
1043 2765 1073 2825 Θ
1095 2779 1150 2846 ση-

131 2865 227 2947 μείου
255 2864 300 2953 τῷ
327 2864 389 2929 τοῦ
417 2867 523 2929 ΕΖΗ
550 2860 678 2931 κύκλου
709 2856 851 2953 ἐπιπέδῳ
879 2861 964 2950 πρὸς
991 2860 1102 2950 ὀρθάς
1129 2865 1150 2952 ἡ

78 2978 112 3026 25
132 2973 214 3053 ΘΚ,
242 2968 298 3034 καὶ
320 2966 511 3056 ἀφῃρήσθω
539 2965 604 3035 άπὸ
632 2971 689 3055 τῆς
712 2974 779 3035 ΘΚ
798 2972 838 3057 τῇ
862 2974 932 3036 ΑΓ
950 2966 1069 3060 εύθείηι
1093 2978 1150 3057 ίση

131 3070 151 3157 ἡ
172 3080 258 3160 ΘΚ,
281 3074 336 3140 καὶ
360 3071 613 3161 ἐπεζεύχθωσαν
632 3077 670 3140 αί
685 3080 767 3160 ΚΕ,
786 3080 867 3162 KZ,
887 3081 967 3142 KH.
1003 3075 1061 3142 καὶ
1080 3076 1152 3144 ἐπεὶ

167 3238 230 3287 ·4.
250 3228 401 3287 διπλάσιόν
420 3233 448 3286 b.
535 3227 610 3288 ἐστιν
629 3231 659 3286 Ρ.
741 3226 798 3287 άπὸ
817 3233 868 3303 τῆς
885 3233 918 3288 V.
1006 3238 1031 3290 ὃ.
1052 3233 1151 3291 διπλά·

133 3303 194 3358 σιόν
213 3304 240 3358 b.
332 3309 355 3359 7.
376 3304 511 3358 διπλασία
529 3303 562 3369 λ),
580 3304 749 3372 τριπλασίων
767 3303 801 3359 V.
888 3308 912 3358 8.
933 3298 1008 3359 ἐστίν
1028 3305 1059 3361 Ρ.

132 3375 183 3428 τοῦ
202 3370 321 3445 κύκλου]
340 3391 394 3429 om.
410 3375 440 3430 P.
514 3379 556 3430 10.
575 3375 648 3427 Ante
666 3374 719 3427 καί
733 3374 785 3430 ins.
801 3370 834 3430 ἐκ
847 3370 990 3446 τεσσάρων
1004 3373 1150 3446 τριγάνων

134 3443 307 3510 ἰσοπλεύρων
326 3463 382 3514 mg.
401 3463 438 3499 m.
459 3451 473 3499 1
493 3460 544 3513 pro
564 3444 671 3499 scholio
688 3445 719 3499 P.
779 3451 904 3515 σφαῖραν
922 3448 950 3501 b.
1011 3452 1054 3502 12.
1075 3443 1152 3504 ἐστίν

135 3515 164 3567 P.
240 3520 281 3571 14.
303 3512 454 3586 ἐκκείσθω]
473 3515 551 3585 prius
570 3535 586 3569 κ
606 3531 759 3584 suprascr.
779 3534 815 3572 m.
834 3533 888 3573 rec.
908 3517 938 3572 P.
1014 3521 1056 3574 15.
1076 3519 1152 3576 Ante
