2468 3952
154 174 221 246 148Ι
521 182 722 234 mmmm
741 178 791 253 ιμ’.

222 325 266 389 Ol
283 321 348 411 ἄρα
366 319 483 389 κύκλοι
501 320 585 409 πρὸς
603 319 769 408 ἀλλήλους
787 322 873 389 είσλν
892 319 938 401 ὡς
955 321 996 390 τὰ
1016 320 1084 391 ἀπὸ
1104 298 1174 390 τῶν

154 430 341 517 διαμέτρων
364 426 568 516 τετράγωνα·
592 425 673 515 ὅπερ
696 432 764 495 ἔδει
788 429 901 508 δεῖξαι.

587 628 737 708 Λῆμμα.

218 748 315 833 Λέγω
345 744 402 831 δή,
433 743 484 813 ὅτι
511 749 572 812 τού
596 753 631 811 Σ
656 750 781 831 χωρίου
808 749 960 831 μείζονος
988 744 1089 826 ὄντος
1111 750 1174 815 τοῦ

117 870 132 919 5
152 859 289 920 ΕΖΗΘ
307 852 435 920 κύκλου
455 852 545 920 ἐστὶν
564 848 609 931 ὥς
627 849 664 920 τὸ
680 860 716 919 Σ
728 856 853 939 χωρίον
869 851 954 942 πρὸς
971 851 1032 922 τὸν
1048 860 1176 923 ΑΒΓΔ

150 960 287 1045 κύκλον,
311 955 418 1037 οὕτως
441 955 459 1025 ὁ
485 964 608 1025 ΕΖΗΘ
630 957 750 1038 κύκλος
778 957 861 1046 πρὸς
889 958 1027 1028 ἔλαττόν
1055 986 1089 1028 τι
1111 963 1174 1030 τοῦ

152 1071 285 1133 ΑΒΓΔ
308 1063 434 1132 κύκλου
456 1069 590 1152 χωρίον.

219 1170 389 1257 Γεγονέτω
418 1167 482 1257 γὰρ
511 1166 556 1249 ὡς
583 1169 621 1238 τὸ
646 1177 681 1238 Σ
701 1175 826 1259 χωρίον
849 1169 933 1258 πρὸς
954 1170 1014 1240 τὸν
1038 1178 1175 1241 ΑΒΓΔ

152 1275 294 1360 κύκλον,
324 1272 430 1355 οὕτως
457 1274 476 1343 ὁ
500 1281 635 1342 ΕΖΗΘ
664 1274 786 1356 κύκλος
812 1275 897 1364 πρὸς
923 1275 961 1345 τὸ
991 1285 1022 1344 Τ
1039 1284 1174 1368 χωρίον.

104 1400 137 1449 10
156 1383 257 1468 λέγω,
286 1380 336 1449 ὅτι
361 1383 498 1448 ἔλαττόν
522 1380 651 1450 ἔστιτὸ
679 1389 710 1448 T
729 1388 853 1469 χωρίον
875 1387 936 1451 τοῦ
959 1389 1096 1451 ΑΒΓΔ
1119 1383 1176 1452 κύ-

152 1495 243 1555 κλου.
278 1488 347 1555 ἐπεὶ
365 1487 429 1577 γάρ
449 1491 540 1556 ἐστιν
559 1484 605 1567 ὡς
622 1487 660 1556 τὸ
676 1495 711 1556 Σ
728 1494 853 1575 χωρίον
867 1488 951 1577 πρὸς
964 1489 1025 1558 τὸν
1039 1497 1176 1561 ΑΒΓΔ

152 1592 294 1679 κύκλον,
323 1591 429 1673 οὕτως
458 1593 476 1661 ὁ
502 1601 640 1661 ΕΖΗΘ
666 1594 787 1674 κύκλος
814 1593 899 1682 πρὸς
926 1594 964 1664 τὸ
992 1604 1023 1663 T
1037 1602 1175 1684 χωρίον,

153 1699 294 1781 ἐναλλάξ
318 1701 409 1767 ἐστιν
433 1695 478 1778 ὡς
500 1697 538 1766 τὸ
563 1707 598 1766 Σ
618 1705 743 1786 χωρίον
767 1699 851 1785 πρὸς
873 1698 935 1767 τόν
959 1707 1099 1769 ΕΖΗΘ
1121 1701 1176 1770 κύ-

153 1813 249 1893 κλον,
284 1805 391 1886 ούτως
423 1801 441 1873 ὁ
475 1810 611 1873 ΑΒΓΔ
641 1804 763 1885 κύκλος
794 1803 879 1894 πρὸς
910 1804 947 1874 τὸ
981 1812 1012 1874 Τ
1040 1813 1176 1896 χωρίον.

101 1929 134 1979 15
153 1918 266 1999 μεῖζον
295 1912 332 1980 δὲ
358 1911 397 1980 τὸ
422 1919 457 1977 Σ
481 1919 606 2001 χωρίον
633 1923 695 1981 τοῦ
724 1919 860 1979 ΕΖΗΘ
886 1910 1026 1981 κύκλον·
1054 1919 1176 2001 μείζων

153 2017 219 2108 ἄρα
242 2019 298 2086 καὶ
322 2016 339 2087 ὁ
364 2023 497 2086 ΑΒΓΔ
519 2016 641 2097 κύκλος
664 2021 726 2086 τοῦ
755 2025 785 2085 Τ
802 2022 937 2106 χωρίου.
975 2015 1060 2087 ὥστε
1083 2020 1176 2088 ἐστὶν

154 2122 199 2205 ως
225 2123 263 2192 τὸ
287 2132 322 2191 Σ
346 2128 471 2210 χωρίον
497 2119 581 2208 πρὸς
607 2121 669 2190 τὸν
692 2129 827 2192 ΑΒΓΔ
849 2121 990 2209 κύκλον,
1019 2122 1127 2206 οὕτως
1155 2123 1173 2194 ὁ

154 2236 289 2298 ΕΖΗΘ
315 2229 437 2308 κύκλος
464 2230 547 2317 πρὸς
574 2228 712 2298 ἔλαττόν
739 2255 771 2297 τι
798 2234 860 2298 τοῦ
888 2235 1021 2298 ΑΒΓΔ
1048 2229 1176 2300 κύκλον

158 2341 295 2422 χωρίον·
320 2332 401 2420 ὅπερ
426 2338 493 2401 ἔδει
517 2335 631 2416 δεῖξαι.

108 2530 142 2580 20
644 2510 688 2598 γ’.

224 2638 338 2702 Πᾶσα
361 2635 533 2723 πυραμὶς
550 2640 751 2724 τρίγωνον
770 2640 914 2724 ἔχουσα
934 2635 1053 2723 βύσιν
1072 2642 1176 2706 διαι-

158 2753 284 2830 ρεῖται
312 2744 368 2820 είς
396 2739 467 2808 δύο
497 2745 726 2829 πυραμίδας
754 2750 841 2822 ίσας
869 2767 912 2811 τε
941 2744 1007 2811 καὶ
1035 2741 1177 2831 ὁμοίοις

157 2843 348 2934 ἀλλήλαις
370 2847 434 2914 καὶ
460 2843 624 2932 [ὁμοίας]
654 2852 698 2936 τῇ
727 2846 797 2937 ὅλῃ
821 2849 1044 2937 τριγώνους
1067 2851 1178 2940 ίχού-

158 2972 227 3032 σας
258 2950 395 3038 βάσεις
421 2953 486 3020 καὶ
514 2956 570 3031 είς
598 2953 672 3021 δύο
700 2961 901 3043 πρίσματα
929 2964 1008 3024 ίσα·
1039 2959 1105 3026 καὶ
1133 2956 1177 3026 τὰ

106 3075 140 3127 25
159 3058 231 3129 δύο
264 3064 463 3150 πρίσματα
495 3058 656 3146 μείζονά
690 3063 798 3129 ἐστιν
831 3057 852 3147 ἢ
885 3061 926 3130 τὸ
961 3060 1083 3151 ἥμισυ
1110 3074 1178 3152 τῆς

160 3163 254 3252 ὅλης
276 3169 512 3255 πυραμίδος

232 3364 256 3416 3.
274 3361 382 3432 λῆμμα]
402 3375 456 3416 om.
476 3358 556 3416 codd.
658 3365 681 3416 6.
703 3357 819 3418 ἔλασσον
839 3363 923 3430 BVq.
1014 3370 1038 3420 7.
1057 3360 1178 3438 κύκλον]

161 3431 269 3486 omV.
331 3436 355 3488 ⁹.
361 3428 419 3519 τό]
441 3447 510 3486 corr.
530 3446 565 3485 ex
583 3427 633 3486 τόν
653 3450 689 3486 m
710 3433 774 3488 1P.
841 3440 881 3490 10.
902 3433 1067 3505 ἔλασσονΒ,
1086 3452 1179 3508 comp

69 3496 192 3712 ΚΓ.
274 3506 314 3560 12.
333 3498 447 3573 κύκλος]
467 3517 522 3557 om.
541 3502 574 3558 V.
659 3509 701 3558 13.
720 3505 762 3576 Σ]
782 3504 854 3558 EF.
942 3512 982 3562 15.
1003 3508 1113 3581 μεῖζον]
1133 3527 1179 3565 -ον
