2468 3952
484 879 595 952 Liber
623 878 701 951 XII.

580 1053 605 1118 I.

150 1177 276 1244 Similia
299 1180 465 1264 polygona
488 1179 523 1242 in
546 1178 674 1244 circulis
693 1176 850 1261 inscripta
870 1196 941 1240 eam
960 1173 1045 1238 inter
1064 1193 1098 1237 se

80 1287 243 1352 rationem
265 1286 390 1350 habent
413 1308 510 1370 quam
533 1285 691 1370 quadrata
714 1284 956 1348 diametrorum.

151 1391 224 1457 Sint
251 1393 363 1458 circuli
387 1393 498 1475 ΑΒΓ,
527 1395 642 1475 ΖΗΘ,
670 1395 704 1456 et
730 1391 828 1455 iniis
852 1390 1010 1473 inscripta
1033 1387 1099 1452 sint

80 1499 251 1584 polygona
273 1501 454 1583 ΑΒΓΔΕ,
481 1502 669 1582 ΖΗΘΚΛ,
693 1497 843 1562 diametri
867 1501 976 1561 autem
1000 1495 1099 1560 circu-

82 1605 191 1671 lorum
215 1605 281 1671 sint
304 1609 390 1684 BM,
413 1609 497 1670 HN.
543 1605 627 1689 dieo,
651 1625 721 1668 essa

252 1725 934 1793 BM²:HN²=ABFAE:anKA.

81 1853 243 1918 ducantur
274 1853 359 1918 enim
383 1858 470 1938 ΒΕ,
503 1860 535 1917 A
545 1858 596 1935 M,
628 1856 716 1937 HA,
748 1855 825 1917 ZN.
879 1855 912 1916 et
945 1849 1098 1933 quoniam

81 1962 254 2025 ΑΒΓΔΕ
267 1989 302 2014 Ν
317 1964 504 2044 ΖΗΘΚΛ,
537 1959 600 2024 erit
631 1962 830 2035 LBAE=
844 1960 949 2022 ΗΖΛ
978 1960 1011 2020 et
1033 1961 1100 2020 BA

82 2070 171 2132 zAE
183 2097 225 2118 =
240 2071 307 2131 HZ
322 2091 331 2132 ε
346 2070 409 2132 ΖΑ
440 2065 501 2147 [VI
529 2064 590 2131 def.
615 2067 659 2146 1].
708 2065 820 2149 iaque
848 2064 912 2129 duo
940 2063 1098 2147 trianguli

84 2992 161 3052 sunt
174 2992 288 3072 ΒΑΕ,
302 2992 409 3052 ΗΖΛ
426 3009 527 3052 unum
545 2987 702 3072 angulum
721 2987 776 3052 uni
797 2988 916 3071 angulo
932 2986 1098 3071 aequalem

83 3093 251 3180 habentes,
270 3100 291 3171 l,
306 3098 410 3158 ΒΑΕ
422 3123 464 3146 =
478 3098 516 3158 Η
519 3098 582 3158 ΖΑ
587 3144 596 3177 ,
615 3097 649 3159 et
665 3094 771 3159 latera
790 3092 942 3176 aequales
962 3092 1098 3176 angulos

85 3200 391 3286 comprehendentia
400 3200 667 3285 proportionalia.
685 3201 796 3282 itaqua
805 3199 988 3283 triangulus
999 3205 1030 3262 A
1035 3203 1101 3262 ΒΕ

85 3391 116 3447 in
134 3409 189 3447 ras.
207 3409 244 3446 m.
265 3398 279 3446 1
299 3394 333 3460 P;
354 3396 413 3446 ΗΖ
430 3393 461 3448 in
478 3407 533 3447 ras.
551 3411 588 3447 m.
609 3392 671 3446 213.
726 3387 789 3463 τήν]
808 3392 842 3459 τῆ
857 3393 888 3448 n.
945 3399 986 3447 ra.
1002 3391 1097 3461 ΗΖΛ]

85 3466 116 3517 H
123 3466 200 3518 ''Z'A
218 3463 240 3517 F
260 3465 377 3534 (punctu
389 3465 456 3534 post
468 3464 557 3534 add.);
577 3467 635 3518 ZH
638 3469 663 3519 A
675 3463 710 3535 V,
730 3467 761 3518 H
763 3468 814 3519 ΑΖ
828 3466 878 3534 Bq.
928 3460 992 3534 τήν]
1007 3465 1050 3516 τίν
1065 3463 1098 3517 V.
