2468 3952
139 190 207 255 290
515 185 717 240 Στοωωταω
735 178 785 254 η’.

138 330 159 419 η
180 338 246 399 ΚΘ
270 327 359 417 ὀρθή
382 331 451 397 ἐστι
473 326 557 417 πρὸς
579 326 618 396 τὸ
641 330 704 395 τοῦ
720 331 829 394 ΕΖΗ
841 322 969 392 κύκλου
987 323 1158 408 ἐπίπεδον,

137 438 194 506 καῖ
226 434 310 522 πρὸς
342 435 450 515 πάσας
481 434 547 522 ἄρα
577 433 637 514 τὰς
658 430 855 519 άπτομένας
885 428 989 516 ταύτης
1022 426 1158 508 εὐθείας

137 546 192 613 καὶ
226 543 328 623 οὔσας
360 545 397 611 έν
423 546 469 636 τῷ
501 552 562 610 τοῦ
590 547 697 608 ΕΖΗ
718 537 845 607 κύκλου
872 537 1016 626 ἐπιπέδῳ
1051 532 1158 622 ὀρθάς

137 650 269 738 ποιήσει
297 656 431 737 γωνίας.
481 646 616 716 άπτεται
645 646 682 714 δὲ
711 644 814 732 αὐτῆς
840 642 961 729 ἑκάστη
985 645 1056 710 τῶν
1079 649 1157 727 ΘΕ,

103 765 215 844 5ΘΖ,
243 763 324 824 ΘΗ·
356 754 376 842 ἡ
406 753 475 822 ΘΚ
500 753 566 842 άρα
592 752 678 842 πρὸς
705 751 848 839 ἑκάστην
876 754 945 820 τάν
973 757 1053 835 ΘΕ,
1082 755 1158 833 ΘΖ,

138 871 212 932 ΘΗ
235 861 323 950 ὀρθή
352 864 452 930 ἐστιν.
501 861 558 928 καὶ
587 861 656 929 ἐπεὶ
684 867 739 944 ἴση
769 858 860 928 ἐστίν
887 855 908 943 ἡ
937 856 998 941 μὲν
1024 861 1095 922 ΑΓ
1118 856 1156 941 τῇ

137 976 218 1057 ΘΚ,
242 968 263 1056 ἡ
288 968 326 1037 δὲ
344 974 407 1036 ΓΔ
425 972 464 1055 τῇ
485 974 566 1053 ΘΕ,
588 968 644 1034 καὶ
665 964 773 1051 ὀρθὰς
791 969 916 1052 γωνίας
934 963 1158 1050 περιέχουσιν,

135 1077 234 1163 βάσις
265 1073 331 1161 άρα
363 1072 384 1161 ἡ
413 1081 480 1141 ΔΑ
507 1072 604 1159 βάσει
631 1076 671 1160 τῇ
695 1078 765 1140 ΚΕ
790 1073 881 1139 ἐστιν
909 1077 974 1156 ἴση.
1032 1065 1091 1136 διδι
1118 1067 1157 1134 τά

136 1181 221 1252 αύτά
245 1180 287 1268 δὴ
309 1182 365 1248 καὶ
388 1181 525 1265 ἑκατέρα
547 1184 615 1247 τῶν
634 1185 715 1264 ΚΖ,
735 1184 812 1245 ΚΗ
829 1181 869 1267 τῇ
889 1184 956 1244 ΔΑ
974 1179 1067 1244 ἐστιν
1087 1183 1157 1260 ἴση·

84 1310 116 1360 10
136 1293 175 1358 αί
198 1303 286 1375 τρεῖς
308 1287 373 1373 άρα
396 1290 434 1353 αι’
455 1294 538 1374 ΚΕ,
565 1292 645 1372 KZ,
673 1291 748 1352 KH
773 1293 843 1352 ἴσαι
871 1281 1033 1370 άλλήλαις
1061 1285 1157 1350 είσίν.

135 1397 191 1463 καὶ
220 1394 289 1463 ἐπεὶ
318 1396 418 1479 διπλῆ
447 1395 537 1461 ἐστιν
565 1389 586 1478 ἡ
610 1397 680 1459 ΑΓ
701 1395 761 1477 τῆς
789 1397 865 1476 ΓΒ,
894 1392 1014 1478 τριπλῆ
1045 1389 1156 1478 άριιὴ

136 1510 200 1569 ΑΒ
223 1504 282 1586 της
304 1506 374 1568 ΒΓ.
421 1496 467 1578 ὡς
495 1499 532 1567 δὲ
554 1495 575 1585 ἡ
600 1506 666 1565 ΑΒ
688 1496 773 1586 πρὸς
795 1495 858 1584 τὴν
882 1504 954 1584 ΒΓ,
987 1494 1097 1576 οὕτως
1119 1496 1157 1566 τὸ

136 1605 201 1675 άπὸ
223 1611 282 1694 τῆς
306 1613 377 1673 ΑΔ
404 1604 488 1693 πρὸς
509 1604 547 1673 τδ
572 1602 637 1672 άπὸ
661 1608 720 1691 τῆς
744 1609 820 1690 ΔΓ,
850 1601 896 1684 ὥς
924 1605 999 1691 ἑξῆς
1022 1609 1156 1694 δειχθίχ

134 1734 234 1782 σεται.
279 1711 479 1805 τριπλάσιον
505 1709 570 1795 άρα
593 1709 631 1778 τὸ
656 1709 719 1778 άπὸ
747 1713 808 1796 τῆς
830 1719 901 1778 ΑΛ
922 1715 985 1779 τοῦ
1007 1709 1074 1782 άπὸ
1097 1719 1157 1801 τῆς

82 1838 115 1888 15
136 1826 211 1889 ΔΓ.
256 1824 325 1887 ἔστι
354 1818 391 1886 δὲ
417 1819 474 1885 καὶ
500 1816 538 1885 τὸ
568 1815 633 1884 άπὸ
663 1822 725 1903 τῆς
745 1825 810 1885 ΖΕ
835 1822 896 1886 τοῦ
919 1817 985 1888 άπὸ
1008 1824 1069 1907 τῆς
1091 1828 1157 1889 ΕΘ

135 1928 345 2015 τριπλάσιον,
367 1929 427 1991 καί
448 1927 537 1992 ἐστιν
561 1931 616 2008 ἴση
641 1921 752 2010 ἡΛΓ
769 1926 809 2013 τῇ
829 1932 903 1992 ΕΘ·
928 1933 984 2012 ἴση
1008 1925 1076 2014 άρα
1099 1928 1156 1994 καὶ

134 2032 154 2119 ἡ
183 2041 253 2101 ΔΑ
280 2035 320 2121 τῇ
344 2040 416 2099 ΕΖ.
466 2028 550 2098 άλλδι
579 2027 600 2116 ἡ
625 2037 696 2097 ΔΑ
723 2031 843 2120 ἑκάστη
871 2036 940 2101 τῶν
964 2039 1048 2119 ΚΕ,
1076 2041 1157 2120 ΚΖ,

134 2147 211 2207 ΚΗ
231 2142 365 2226 ἐδείχθη
391 2147 459 2223 ἴση·
483 2137 539 2203 καὶ
558 2135 678 2224 ἑκάστη
700 2135 766 2225 άρα
785 2143 853 2207 τῶν
872 2146 952 2225 ΕΖ,
977 2146 1061 2227 ΖΗ,
1083 2148 1160 2209 ΗΕ

135 2246 255 2333 ἑκάστη
279 2249 347 2313 τῶν
367 2252 449 2331 ΚΕ,
474 2251 556 2329 ΚΖ,
579 2250 656 2311 ΚΗ
674 2245 765 2311 ἐστιν
788 2253 858 2330 ἴση·
882 2245 1065 2334 ἰσόπλευρα
1088 2245 1155 2335 άρα

81 2370 116 2419 20
135 2352 204 2420 ε’στῖ
236 2351 277 2417 τά
309 2352 453 2436 τέσσαρα
484 2355 631 2436 τρίγωνα
662 2348 703 2416 τά
731 2356 848 2436 ΕΖΗ,
878 2358 997 2437 ΚΕΖ,
1029 2360 1157 2440 ΚΖΗ,

133 2464 168 2525 Κ
173 2464 249 2525 ΕΗ.
305 2456 448 2544 πυραμὶς
480 2454 547 2544 άρα
578 2458 775 2525 συνέσταται
808 2460 844 2525 ίκ
875 2457 1048 2540 τεσσάρων
1084 2487 1156 2548 τρι-

133 2562 254 2648 χύυωυ
278 2560 504 2652 ἰσοπλεύρων,
532 2554 572 2649 ἧς
594 2563 692 2648 βάσις
720 2565 782 2649 μέν
806 2563 934 2632 ἔστιτὸ
960 2572 1070 2632 ΕΖΗ
1086 2573 1156 2653 τρί-

135 2695 257 2755 γωνον,
280 2667 414 2756 κορυφὴ
440 2669 477 2738 δὲ
500 2666 537 2738 τὸ
560 2674 596 2735 Κ
615 2683 763 2757 σημεῖον.

201 2783 266 2841 Δελ
292 2771 334 2860 δὴ
363 2772 470 2862 αὐτὴν
497 2774 553 2843 καὶ
576 2782 703 2866 σφαίρᾳ
726 2781 918 2864 περιλαβεῖν
944 2788 984 2867 τῇ
1009 2781 1156 2868 δοθείση

78 2900 113 2949 25
132 2881 188 2948 καὶ
212 2882 329 2968 δεῖξαι,
353 2878 405 2949 ὅτι
429 2879 449 2968 ἡ
473 2885 531 2968 της
554 2887 699 2971 σφαίρας
723 2881 900 2971 διάμετρος
922 2879 1059 2970 ἡμιολία
1083 2883 1156 2953 ἐστὶ

133 2989 275 3075 δυνάμει
297 2992 356 3074 τῆς
379 2992 525 3074 πλευράς
545 2999 610 3076 τῆςΙ
628 2994 824 3077 πυραμίδος.

204 3173 228 3220 1.
248 3163 324 3221 ἔστιν
343 3166 374 3220 Ρ.
448 3170 472 3220 2.
492 3160 561 3236 άρα]
582 3163 623 3221 ἔτι
637 3167 671 3222 V.
745 3164 845 3240 αὐτῆς]
866 3183 934 3221 corr.
954 3182 988 3221 ex
1008 3162 1096 3236 αύτῆι
1113 3187 1156 3224 m.

132 3237 198 3292 213.
281 3236 517 3294 εετιιωΒι).
598 3233 1156 3309 ε.ὴΘΚ-ο.οΗ]ωχ.ω.οΒ.

203 3312 226 3362 5.
248 3308 491 3380 ΘΚ]Θεοοττ.
510 3310 629 3368 m.1b.
721 3315 745 3365 6.
766 3307 824 3365 ίστι
841 3309 903 3380 Vq,
923 3326 1012 3379 comp.
1032 3310 1059 3364 b.

133 3385 156 3433 7.
172 3377 333 3466 περιέχουσι
347 3378 430 3459 Vbq:
484 3384 509 3434 8.
530 3382 590 3453 ΔΑ]
610 3388 632 3437 Α
647 3397 663 3436 e
678 3398 746 3436 corr.
761 3399 798 3438 m.
814 3386 830 3433 2
844 3379 874 3436 P.
934 3387 958 3435 9.
973 3382 1034 3449 ἴση·
1053 3377 1158 3434 καλαί

130 3466 157 3515 q.
229 3456 270 3504 10.
290 3448 419 3519 αλλήλοις
438 3448 470 3504 V.
539 3450 598 3508 είσί
613 3471 644 3522 q,
665 3469 754 3521 comp.
773 3453 800 3506 b.
872 3458 913 3506 11.
932 3452 1044 3523 τριπλῆ]
1064 3453 1152 3520 διπλῆ

132 3519 159 3571 b.
234 3525 275 3574 13.
294 3518 364 3575 Post
383 3525 441 3576 ΔΓ
458 3521 521 3580 add.
540 3524 575 3579 P:
595 3518 658 3579 έττεῖ
676 3522 730 3594 χάρ
750 3520 826 3578 ἐστιν
846 3518 882 3586 ὡς
902 3519 918 3591 ἡ
937 3529 987 3577 ΑΒ
1006 3517 1079 3592 πρὸς
1098 3527 1158 3577 ΑΓ
