2468 3952
126 207 192 272 216
497 207 699 260 Σοοιιεειον
717 203 766 277 ιβ’.

125 348 226 440 αύτῷ.
266 349 322 416 καὶ
346 345 563 434 δκύλινδρος
586 347 653 436 ἀρα
675 346 763 434 πρὸς
781 346 842 416 τὸν
865 347 1052 434 κύλινδρον
1075 373 1149 438 τρι-

124 461 290 523 πλασίονα
313 453 417 540 λόγον
440 459 506 541 ἔχει
528 453 612 541 ήπερ
636 451 657 540 ἡ
682 461 745 521 BA
767 453 851 541 πρὸς
873 453 936 540 τήν
960 460 1059 522 ΖΘ.’

194 564 238 629 Οί
258 560 325 648 ἀρα
348 559 460 649 ὅμοιοι
482 565 588 629 κω”νοι
606 561 662 628 καί
680 563 857 648 κύλινδροι
875 560 959 648 πρὸς
977 558 1148 648 ἀλλήλους

125 669 163 737 ἐν
189 673 400 756 τριπλασίονι
427 667 516 758 λόγῳ
545 669 610 735 είσί
636 672 705 736 των
734 670 770 735 ἐν
792 680 865 747 ταῖς
887 667 1002 753 βάσεσι
1029 667 1145 753 διαμέ-

90 794 228 866 ὅτρων·
251 773 333 861 ὅπερ
357 779 425 842 ἔδει
449 775 562 854 δεῖξαι.

604 995 661 1054 ιγ.

187 1092 276 1161 Ἐδιν
302 1092 522 1179 κύλινδρος
549 1094 717 1183 ἐπιπέδῳ
745 1096 875 1182 τμηθή
903 1070 1145 1185 παράλλήλῳ

124 1198 211 1269 ὄντι
242 1206 327 1279 τοίς
359 1194 603 1265 ἀπεναντίον
636 1201 851 1285 ἐπιπέδοις,
889 1205 1000 1266 ἐσται
1033 1195 1085 1278 (ὃς
1123 1189 1147 1268 6

124 1306 340 1394 κύλινδρος
362 1303 465 1391 πρὸς
486 1302 559 1372 τδν
581 1304 815 1392 κύλινδρον,
847 1303 970 1384 οὕτως
994 1302 1012 1373 6
1037 1303 1146 1387 ἀξων

73 1434 106 1483 10
125 1411 223 1499 πρὸς
244 1411 313 1479 τὸν
337 1410 468 1492 ἀξονα.

192 1517 386 1604 Κύλινδρος
407 1516 473 1603 γὰρ
496 1515 514 1586 6
539 1524 606 1584 AA
629 1518 771 1608 ἐπιπέδῳ
800 1522 844 1609 tq*
869 1524 937 1585 ΗΘ
964 1517 1144 1604 τετμήσθω

123 1622 324 1715 παραλλήλῳ
353 1622 427 1692 ὅντε
453 1636 523 1702 τοῖς
551 1619 752 1690 ἀπεναντίον
776 1625 943 1703 ἐπιπέδοις
964 1636 1035 1704 τοῖς
1058 1633 1146 1712 ΑΒ,

123 1738 201 1816 ΓΔ,
223 1731 280 1798 καί
304 1734 518 1818 συμβαλλέτω
541 1733 588 1819 τῷ
613 1726 709 1810 ἀξονι
732 1728 770 1798 τὸ
789 1738 859 1799 ΗΘ
881 1733 1039 1799 ἐπίπεδον
1057 1730 1144 1799 κατὰ

123 1837 162 1906 τὸ
186 1844 221 1906 Κ
242 1850 396 1925 σημεῖον·
425 1837 526 1922 λέγω,
554 1832 605 1903 ὅτι
633 1835 724 1903 ἐστίν
752 1835 797 1916 ὡς
824 1835 842 1904 6
866 1843 939 1904 ΒΗ
961 1836 1147 1925 κύλινδρος

5 1936 106 2014 '16
124 1943 209 2032 πρὸς
230 1943 292 2013 τὸν
310 1951 380 2011 HA
401 1942 595 2029 κύλινδρον,
620 1941 727 2021 οὕτως
746 1941 764 2010 6
784 1949 855 2009 ΕΚ
871 1941 961 2024 ἀξων
980 1943 1063 2027 πρὸς
1082 1943 1146 2012 τὸν

124 2058 190 2119 KZ
213 2049 326 2132 ἀξονα.

188 2154 423 2241 Ἐκβεβλήσθω
446 2156 512 2242 γὰρ
536 2155 554 2224 6
575 2162 638 2223 EZ
657 2153 747 2236 ἀξων
767 2152 858 2240 ἐφΗ
842 2155 981 2240 εκάτερα
998 2155 1038 2222 τδι
1058 2091 1145 2245 μέρη

125 2261 236 2330 ἐπί
201 2287 241 2329 τα
267 2269 312 2347 Λ,
337 2268 382 2328 Μ
400 2275 533 2347 σημεῖα,
556 2261 613 2328 καί
638 2263 727 2328 ἐκκεί
712 2266 866 2328 ίσθωσαν
888 2286 934 2353 τῳ
956 2268 1024 2329 ΕΚ
1045 2259 1144 2343 ἀξονι

125 2376 193 2435 ίσοι
217 2313 466 2453 ὁσοιδηποτοῦν
490 2392 508 2433 ο
511 2371 626 2451 ίΕΝ,
649 2374 736 2452 ΝΛ,
759 2370 805 2459 τῷ
826 2366 864 2435 δὲ
882 2373 950 2434 ΖΚ
966 2375 1034 2436 ίσοι
1054 2367 1146 2437 ὁσοι-

71 2494 105 2545 20
125 2477 297 2561 δηποτούν
325 2475 361 2540 oc
381 2474 456 2556 ΖΞ,
485 2475 572 2558 ΞΜ,
599 2473 655 2540 καὶ
677 2478 825 2542 νοείσθω
855 2471 873 2542 6
902 2474 955 2541 ἐπὶ
981 2478 1042 2542 τού
1068 2481 1152 2544 ΛΜ

124 2579 246 2661 ἀξονος
267 2578 448 2666 κύλινδρος
471 2576 489 2647 6
515 2585 592 2662 OX,
620 2571 663 2647 06
690 2582 803 2665 βάσεις
826 2583 861 2648 ολ
884 2587 966 2664 ΟΠ,
997 2588 1067 2648 ΦΧ
1084 2582 1146 2650 κύ-

94 2694 207 2754 ·κλοι.
256 2685 312 2752 καὶ
341 2685 555 2771 ἐκβεβλήσθω
583 2684 640 2753 διά
667 2690 737 2754 τῶν
765 2693 812 2769 Ν,
844 2689 875 2763 Ξ
900 2692 1055 2773 σημείων
1075 2689 1145 2767 ἐπί-

124 2796 208 2860 πεδα
234 2790 431 2878 παράλληλα
460 2804 530 2872 τοῖς
552 2799 633 2877 AB,
665 2798 727 2860 ΓΔ
753 2793 810 2859 καί
836 2806 909 2872 ταῖς
935 2792 1054 2878 βάσεσι
1081 2799 1146 2863 τοῦ

126 2905 194 2966 ΟΧ
211 2892 396 2985 κυλίνδρου
418 2898 474 2966 καὶ
497 2903 699 2967 ποιείτωσαν
716 2896 796 2977 τοὺς
815 2906 893 2985 ΡΣ,
921 2906 984 2966 ΤΥ
999 2900 1146 2983 κύκλους

71 3025 105 3077 26
123 3006 199 3094 περί
226 3003 266 3073 τδι
295 3011 345 3091 N,
377 3007 408 3082 Ξ
432 3007 560 3092 κέντρα.
606 3005 662 3072 καί
690 3004 760 3073 ἐπεὶ
788 3007 823 3072 οί
848 3012 934 3091 ΛΝ,
962 3002 1047 3093 ΝΕ,
1075 3014 1147 3076 ΕΚ

198 3261 222 3310 1.
241 3255 312 3310 Post
330 3248 407 3326 αύτῳ
394 3253 487 3308 ’.αδδ
501 3252 610 3307 Theon:
630 3248 749 3322 ἐδείχθη
763 3249 818 3322 γὰρ
832 3255 927 3324 (supra
941 3252 978 3322 V)
991 3255 1048 3317 πᾶς
1062 3255 1146 3322 (haee

123 3326 181 3380 tria
198 3325 297 3381 ποσοὶ).
317 3324 373 3379 et
364 3343 394 3378 m
390 3309 496 3411 thtu
511 3328 586 3379 etm
559 3341 615 3450 meg.
634 3340 671 3378 m.
687 3323 752 3412 213)
770 3325 861 3386 κῶνος
872 3324 1030 3412 κυλίνδρου
1049 3327 1145 3390 τρίτον

124 3393 208 3484 μέρος
226 3397 276 3451 τοῦ
295 3393 348 3464 τήν
365 3390 494 3468 αύτήνβ
477 3391 559 3468 βάσιν
594 3414 693 3485 χοντος
711 3414 788 3465 αυτῳ
775 3390 887 3449 Μ’καί
868 3407 942 3481 υιβος
956 3397 1017 3450 ίσον
1032 3396 1099 3465 (BV
1104 3402 1143 3467 q.)

178 3462 276 3593 56¹?m'
291 3467 322 3523 Ρ.
377 3473 402 3521 4.
418 3465 490 3521 εἰσίν
504 3467 562 3522 PB.
624 3450 779 3540 βοίσεσινΡ.
835 3460 893 3522 θ.”
876 3485 946 3535 οπερ
962 3465 1023 3522 ἐδει
1032 3401 1144 3553 δεῐξάι]

124 3547 179 3590 om.
310 3544 334 3592 6.
354 3534 408 3609 ιγ’]
429 3553 482 3592 om.
503 3556 529 3606 q.
611 3543 653 3592 13.
673 3535 885 3611 σνμβαλέτωΡ.
963 3539 1013 3610 τῷ]
1033 3558 1071 3615 τῳ
1092 3543 1146 3594 ΕΖ
