2468 3952
393 236 669 289 mnnnnrouun
687 242 797 293 unua
814 243 861 294 xr.
1090 242 1134 308 59

188 375 280 460 Ergo
307 375 445 464 omnis¹)
475 381 613 464 angulus
642 383 763 448 solidus
790 384 897 469 planis
924 387 1051 470 angulis
1074 387 1135 452 mi-

118 483 267 568 noribus,
298 504 394 567 quam
423 489 501 550 sunt
528 491 681 570 quattuor
703 490 797 574 recti,
824 491 1021 577 continetur3
1050 495 1133 578 quod

117 593 190 655 erat
213 589 506 657 demonstrandum.

574 786 677 853 XXII.

185 907 221 974 Si
253 911 320 973 tres
353 909 464 993 anguli
496 910 587 994 plani
620 916 709 996 sunt,
742 935 878 996 quorum
911 916 974 981 duo
1006 916 1132 1001 reliquo

121 1015 260 1080 maiores
284 1015 512 1100 sunt'quoquc
536 1016 631 1082 modo
656 1018 833 1105 coniuncti,
856 1025 889 1086 ct
907 1043 962 1088 eos
982 1025 1133 1109 aequales

120 1806 290 1873 continent
316 1811 438 1892 rectae,
464 1806 536 1873 fieri
564 1811 686 1893 potest,
718 1813 755 1873 ut
787 1832 824 1873 ex
856 1810 954 1874 rectis
983 1810 1133 1894 aequales

119 1919 226 1978 rectas
250 1912 517 1999 coniungentibus
540 1914 723 2000 triangulus
747 1918 960 1980 construatur.

186 2018 260 2085 Sint
286 2023 353 2084 tres
382 2020 496 2105 anguli
518 2020 607 2107 plani
630 2024 743 2100 ΑΒΓ,
766 2026 883 2104 ΔΕΖ,
910 2024 1030 2106 ΗΘΚ,
1058 2041 1134 2103 quo·

123 2149 197 2191 rum
221 2126 283 2190 duo
306 2125 429 2210 reliquo
447 2126 586 2192 maiores
606 2133 682 2192 sunt
702 2149 828 2212 quoquo
848 2128 943 2192 modo
963 2127 1135 2211 coniuncti,

163 2234 267 2297 ΑΒΓ
278 2235 317 2313 -Ι-
335 2235 436 2297 ΔΕΖ
449 2242 484 2306 >
498 2236 617 2318 ΗΘΚ,
641 2238 742 2298 ΑΕΖ
757 2237 797 2316 ἦ·
814 2237 921 2300 ΗΘΚ
933 2244 967 2307 >
981 2235 1090 2316 ΑΒΓ,

397 2343 508 2404 ΗΘΚ
522 2342 561 2421 -l-
578 2344 681 2406 ΑΒΓ
690 2351 724 2415 >
740 2344 854 2423 ΔΕΖ,

119 2450 156 2511 et
177 2446 220 2511 sit
242 2448 1007 2529 AB=BP=AE=EZ=He=cK,
1027 2449 1060 2510 et
1078 2444 1133 2510 du-

122 2557 238 2619 cantur
259 2555 333 2636 ΑΓ,
356 2558 436 2638 ΔΖ,
459 2556 540 2618 ΗΚ.
582 2552 667 2636 dieo,
690 2554 760 2617 fieri
783 2576 892 2638 posse,
914 2559 953 2618 ut
975 2575 1012 2617 ex
1035 2553 1132 2618 rectis

120 2658 310 2744 aequalibus
327 2657 427 2723 rectis
445 2661 519 2742 ΑΓ,
534 2662 568 2721 Δ
574 2659 614 2741 Z,
628 2661 703 2722 HK
719 2658 901 2743 triangulus
920 2660 1135 2742 construatur,

120 2765 183 2830 hoc
212 2768 273 2848 est,
300 2769 462 2829 rectarum
484 2766 562 2848 ΑΓ,
591 2768 670 2843 ΔΖ,
697 2768 771 2829 ΗΚ
791 2765 871 2829 duas
900 2764 1063 2848 quaslibet
1085 2785 1135 2828 re-

122 2872 212 2956 liqua
235 2871 374 2935 maiores
398 2890 478 2934 esse.

187 2977 253 3042 iam
272 2978 300 3041 si
319 2975 429 3061 anguli
448 2978 557 3060 ΑΒΓ,
573 2980 687 3055 ΔΕΖ,
701 2980 810 3041 ΗΘΚ
826 2977 912 3040 inter
931 2997 965 3040 sc
985 2974 1134 3058 aequales

120 3087 207 3168 sunt,
220 3081 428 3146 manifestum
442 3086 502 3162 est,
515 3104 588 3147 oum
603 3082 701 3147 ctiam
716 3088 748 3146 A
752 3085 788 3160 Γ,
803 3086 837 3145 Δ
842 3087 882 3165 Ζ,
897 3084 971 3145 ΗΚ
983 3081 1134 3163 aequales

124 3191 191 3255 sint
214 3187 258 3271 [1,
280 3188 326 3269 4],
347 3186 419 3252 fieri
440 3209 550 3272 posse,
576 3190 614 3252 ut
642 3209 681 3252 ex
705 3189 802 3252 rectis
826 3186 1014 3271 aequalibus
1038 3187 1134 3252 rectis

119 3296 197 3377 AF,
220 3299 254 3358 Δ
260 3297 299 3376 Ζ,
317 3296 357 3358 Η
359 3297 395 3358 Κ
415 3293 597 3378 triangulus
621 3294 837 3358 construatur.
874 3292 926 3356 sin
949 3293 1064 3376 minus,
1087 3292 1135 3357 in·

195 3488 221 3551 ll
244 3486 319 3540 Nam
342 3488 372 3540 in
395 3485 506 3557 angulis
530 3483 639 3552 solidis,
664 3483 713 3552 qui
737 3483 802 3553 plus
825 3501 909 3554 quam
932 3485 1022 3541 tribus
1040 3483 1134 3555 planis

120 3557 233 3629 angulis
252 3556 438 3624 continentur,
458 3556 588 3611 similiter
604 3554 829 3610 ratiocinandum
848 3558 896 3611 est.
