2468 3952
146 204 210 268 122
517 204 719 256 ΣΤΟΙΧΕΙΩΝ
737 199 789 256 ια’.

144 345 211 434 ίίρα
233 345 378 434 πλευρὰς
400 359 472 426 ταῖς
493 353 626 426 λοιπαῖς
647 352 808 428 πλευραῖς
831 352 904 422 ἴσας
923 345 1065 424 ἕξουσιν.
1106 351 1163 430 ἴση

145 452 211 540 ἄρα
235 453 325 521 ἐστίν
347 450 369 539 ἡ
393 459 460 520 ΓΚ
481 456 520 541 τῇ
546 458 621 519 ZN.
667 455 736 519 ἔστι
760 451 796 518 δὲ
819 451 875 517 καὶ
898 448 918 536 ἡ
943 456 1012 518 ΑΓ
1029 461 1070 539 τῇ
1096 457 1164 516 AZ

146 567 215 645 ἴση·
250 558 313 627 δύο
342 557 384 645 δὴ
417 562 454 627 αἴ
478 565 557 643 ΛΓ,
588 563 653 625 ΓΚ
681 558 759 625 δνσὶ
785 571 858 636 ταῖς
886 564 966 641 AZ,
995 563 1067 623 ΖΝ
1092 565 1164 624 ἴσαι

145 670 244 733 εἴσῖν·
276 666 333 732 καὶ
366 663 473 754 ὀρθὰς
504 670 629 752 γωνίας
660 665 879 753 περιέχουσιν.
926 663 1023 749 βοίσις
1052 660 1163 750 ἅρπη

105 779 217 844 σΑΚ
242 771 339 857 βάσει
366 776 405 859 τῇ
430 777 506 839 AN
531 779 585 856 ἴση
615 773 715 838 ἐστίν.
760 771 815 837 καὶ
845 770 914 838 ἐπεὶ
946 778 1001 855 ἴση
1027 768 1162 855 ἐστινὴ

144 886 210 946 ΑΘ
236 883 276 967 τῇ
306 885 398 963 AM,
427 885 502 944 ἴσον
531 877 599 944 ἐστὶ
626 875 743 945 καὶτὸ
769 874 833 945 ιἰπό
856 881 914 963 τῆς
938 884 1003 944 ΑΘ
1024 880 1070 966 τῷ
1095 873 1163 944 ἀπὸ

143 989 202 1070 της
230 991 315 1052 AM.
366 981 451 1050 ἀλλὰ
483 993 529 1075 τῷ
561 983 623 1069 μὲν
656 979 722 1051 ἀπὸ
754 987 812 1069 τῆς
839 988 905 1050 ΑΘ
937 991 993 1050 ἴσα
1022 983 1090 1050 ἐστὶ
1121 981 1163 1052 τὰ

143 1086 209 1158 ἀπὸ
237 1093 306 1158 τῶν
335 1097 418 1177 ΑΚ,
446 1096 523 1157 ΚΘ·
552 1087 640 1176 ὀρθὴ
669 1088 733 1177 γὰρ
761 1087 781 1175 η
810 1087 876 1158 ὑπὸ
907 1096 1021 1157 ΑΚΘ
1049 1093 1095 1180 τῷ
1125 1087 1164 1156 δὲ

144 1193 209 1264 ἀπὸ
233 1207 293 1283 της
315 1204 399 1264 AM
416 1204 473 1263 ἴσα
494 1194 535 1262 τὰ
559 1191 625 1262 ἆπό
653 1199 721 1263 τῶν
746 1203 833 1282 AN,
862 1204 954 1264 ΝΜ·
983 1194 1072 1283 ὀρθὴ
1096 1194 1162 1284 γὰρ

88 1300 165 1389 1οἡ
193 1300 258 1370 ὑπὸ
289 1309 418 1370 ΔΝΜ·
445 1300 486 1369 τὰ
513 1301 578 1388 ἄρα
607 1299 672 1369 ίιπό
701 1307 770 1370 τῶν
797 1310 882 1388 ΑΚ,
913 1310 981 1370 ΚΘ
1008 1310 1064 1369 ἴσα
1093 1304 1163 1370 ἐστὶ

142 1421 213 1488 τοῖς
240 1405 306 1475 ἀπὸ
334 1419 402 1476 τῶν
431 1415 517 1492 AN,
545 1415 638 1495 NM,
667 1400 716 1476 ὦν
744 1407 782 1476 τὸ
812 1407 876 1477 ἀπὸ
905 1412 963 1495 τῆς
986 1416 1057 1476 ΛΚ
1085 1417 1162 1476 ἴσον

144 1514 213 1581 ἐστὶ
240 1519 286 1606 τῷ
315 1512 380 1581 ἀπὸ
407 1519 466 1600 τῆς
494 1521 578 1582 ΔΝ·
607 1512 728 1582 λοιπὸν
756 1512 822 1602 ἄρα
849 1513 888 1582 τὸ
916 1512 981 1582 ἀπὸ
1009 1519 1068 1601 τῆς
1094 1522 1163 1584 ΚΘ

143 1628 219 1688 ἴσον
248 1622 318 1688 ἐστὶ
344 1625 390 1711 τῷ
414 1619 480 1688 ἀπὸ
503 1624 562 1706 τῆς
584 1627 676 1687 ΝΜ·
704 1629 759 1706 ἴση
787 1619 853 1708 ἄρα
876 1618 897 1705 ἡ
921 1628 989 1688 ΘΚ
1010 1625 1049 1709 τῇ
1073 1629 1161 1689 MN.

22 1767 25 1770 ·
142 1728 198 1794 καὶ
228 1728 296 1795 ἐπεὶ
321 1727 384 1794 δύο
408 1731 445 1794 αἴ
465 1735 545 1811 ΘΑ,
574 1733 645 1792 ΛΚ
668 1727 745 1794 δνσὶ
772 1739 845 1806 ταῖς
868 1735 960 1812 MA,
990 1734 1066 1794 AN
1091 1736 1162 1796 ἴσαι

90 1855 124 1904 15
144 1834 230 1901 εἴσὶν
254 1834 391 1922 ἑκατέρα
415 1834 566 1922 ἑκατέρη,
588 1833 644 1900 καὶ
666 1832 764 1919 βασις
785 1831 805 1919 ἡ
825 1840 892 1900 ΘΚ
908 1832 1005 1918 βάσει
1022 1838 1063 1922 τῇ
1084 1842 1167 1902 ΜΝ

144 1943 280 2029 ἐδείχθη
310 1950 381 2026 ἴση,
412 1945 520 2025 γωνία
547 1937 613 2027 ἄρα
640 1936 661 2025 ἡ
685 1936 751 2007 ὑπὸ
774 1947 879 2007 ΘΑΚ
900 1944 1008 2028 γωνίᾳ
1031 1945 1070 2029 τῇ
1093 1938 1162 2009 ὑπὸ

41 2082 48 2095 ·
143 2053 265 2114 MAN
285 2049 376 2115 ἐστιν
399 2054 464 2131 ἴση.

206 2152 286 2220 Ἐὰν
319 2151 384 2240 ίίρα
417 2145 480 2219 ὦσι
513 2151 576 2220 δύο
609 2158 728 2237 γωνίαι
763 2154 911 2220 ἐπίπεδοι
939 2160 1009 2220 ἴσαι
1036 2154 1092 2220 καὶ
1120 2152 1161 2221 τὰ

144 2261 217 2344 ἑξῆς
238 2262 296 2344 τῆς
318 2256 509 2342 προτάσεως
534 2255 629 2342 [ὅπερ
653 2261 721 2325 ἔδει
745 2259 873 2342 δεῖξαι]

85 2457 124 2505 20
554 2434 749 2520 Πόρισμα.

207 2556 261 2624 Ἐκ
285 2557 326 2644 δὴ
351 2556 474 2625 τούτου
498 2558 663 2643 φανερόν,
688 2556 755 2643 ὅτι,
784 2556 843 2626 ἐὰν
866 2551 928 2626 ὦσι
951 2558 1015 2627 δύο
1038 2566 1160 2645 γωνίαι

143 2666 294 2731 ἐπίπεδοι
331 2672 416 2749 ἴσαι,
454 2667 659 2732 ἐπισταθῶσι
696 2664 733 2732 δὲ
766 2663 816 2732 ἐπ’
855 2663 967 2733 αὐτῶν
1000 2667 1159 2753 μετέωροι

143 2767 274 2838 εὐθεῖαι
307 2778 376 2837 ἴσαι
409 2778 483 2850 ἴσας
514 2776 639 2856 γωνίας
671 2771 884 2858 περιέχουσαι
916 2771 996 2858 μετὰ
1030 2777 1097 2841 των
1126 2775 1159 2854 ἐξ

142 2874 246 2964 ἀρχῆς
264 2874 409 2945 εὐθειῶν
429 2878 587 2962 ἑκατέραν
602 2871 751 2967 ἑκατέρη,
770 2881 808 2944 αἴ
820 2875 876 2944 ἄπ’
894 2876 1007 2945 αὐτῶν
1020 2877 1159 2946 κάθετοι

85 3001 123 3050 25
143 2979 304 3070 ἀγόμεναι
333 2983 385 3051 ἐπὶ
412 2981 453 3050 τὰ
482 2985 640 3067 ἐπίπεδα,
673 2984 709 3051 ἐν
739 2977 789 3063 οἷς
817 2989 902 3051 εἴσιν
933 2986 970 3049 αἴ
996 2985 1029 3064 ἐξ
1056 2981 1160 3069 ἀρχῆς

142 3096 273 3181 γωνίαι,
298 3099 366 3156 ἴσαι
392 3086 551 3175 ἀλλήλαις
574 3093 670 3158 εἴσίν.
699 3087 779 3177 ὅπερ
804 3094 871 3156 ἔδει
895 3091 1008 3170 δεῖξαι.

216 3254 239 3302 1.
261 3247 412 3315 §gova-w
432 3248 497 3302 dein
519 3255 531 3301 1
551 3247 626 3302 linea
645 3266 715 3304 eras.
770 3253 795 3302 2.
816 3248 887 3318 ΖΝ]
908 3264 976 3303 corr.
996 3265 1030 3302 ex
1049 3252 1111 3302 ΖΜ
1128 3249 1158 3303 Β.

198 3318 273 3372 ἔστιν
291 3319 322 3371 Β.
387 3325 411 3373 3.
433 3317 502 3372 εἰσιν
521 3320 580 3372 ἴσαι
600 3320 632 3374 V.
692 3325 716 3376 4.
737 3318 795 3373 εἴσῖ
809 3319 844 3387 Ρ,
864 3336 953 3388 comp.
972 3319 1024 3373 Fb.
1080 3334 1155 3386 περι-

145 3388 240 3458 ἔχοντι
257 3389 315 3446 Vb.
375 3396 400 3445 ὅ.
421 3385 482 3443 ἐστί
497 3389 533 3457 V,
552 3407 641 3460 comp.
661 3389 712 3445 Fb.
774 3396 798 3444 7.
818 3390 878 3460 ἴσα]
897 3390 1063 3458 ροελιὰολ.
1085 3410 1103 3442 α
1123 3409 1160 3447 m.

144 3459 210 3518 21³.
266 3460 403 3531 8.ΑΚΘ]
418 3463 475 3514 ΚΘ
494 3477 508 3514 e
524 3477 592 3516 corr.
608 3461 641 3516 V.
697 3462 813 3531 9.AN]
830 3463 861 3514 N
878 3477 947 3515 corr.
962 3462 1109 3515 exMBb.

146 3527 381 3586 10.AM''N'b.
439 3536 481 3587 11.
496 3535 563 3586 AM
578 3531 614 3598 B,
634 3531 683 3587 sed
703 3548 785 3599 corn,
804 3533 873 3587 item
892 3531 941 3585 lin.
962 3537 1002 3584 14.
1060 3537 1101 3588 12.
1121 3533 1161 3605 τῷ
