2468 3952
136 206 202 270 388
531 210 713 260 APPENDIX
730 211 765 261 IL

135 346 197 434 τήν
212 354 290 433 ΓΛ,
310 346 417 428 οὕτως
435 346 456 434 ἡ
471 356 534 416 ΕΖ
553 348 636 435 πρὸς
649 348 712 434 τὴν
726 356 808 433 ΣΤ,
829 349 887 416 καὶ
900 345 1155 436 ἀναγεγράφθω

136 451 201 522 ιἰπὸ
225 458 284 540 τῆς
303 462 375 522 ΣΤ
392 460 438 548 τῷ
457 461 536 523 HN
555 453 676 542 ὅμοιον
694 457 749 523 καὶ
768 455 893 542 ὁμοίως
910 461 1068 543 κείμενον
1087 476 1155 524 στε-

136 560 216 645 ρεὸν
239 566 572 647 παραλληλεπίπεδον
594 561 632 629 τὸ
652 568 728 631 ΣΤ.
772 563 846 629 ἐπεί
865 563 958 629 ἐστιν
981 559 1028 642 ὡς
1051 559 1072 647 ή
1092 567 1155 628 AB

135 666 218 753 πρὸς
247 666 309 752 τήν
332 673 409 752 ΓΔ,
444 663 549 746 οὕτως
576 664 597 752 ή
626 673 689 733 ΕΖ
716 665 799 751 πρὸς
825 666 888 753 τήν
911 673 993 753 ΣΤ,
1027 667 1083 734 καὶ
1112 664 1155 746 ὦς

135 771 201 857 ἄρα
229 773 266 841 τὸ
290 779 361 840 ΑΚ
387 773 523 859 στερεὸν
551 772 635 858 πρὸς
661 773 700 841 τὸ
724 779 757 840 Γ
753 781 785 840 Λ
812 772 960 858 στερεόν,
987 770 1097 853 οὕτως
1118 770 1154 840 τὸ

135 886 212 946 ΕΜ
234 878 370 965 στερεὸν
394 879 477 968 πρὸς
499 878 537 948 τὸ
557 887 628 946 ΣΤ
648 879 793 964 στερεόν.
829 878 867 947 τὸ
888 887 969 947 ΕΜ
986 878 1055 965 ἄρα
1072 877 1154 966 πρὸς

135 983 296 1072 ἑκάτερον
319 989 388 1053 τῶν
410 992 505 1071 ΗΝ,
528 993 598 1053 ΣΤ
616 985 677 1054 τὸν
701 983 807 1054 αὐτὸν
831 991 897 1072 ἔχει
919 985 1033 1071 λόγον.
1080 993 1153 1053 ἴσον

136 1088 201 1175 ἄρα
225 1091 294 1158 ἐστὶ
317 1091 356 1159 τὸ
379 1099 458 1159 ΗΝ
477 1097 523 1181 τῷ
547 1100 629 1178 ΣΤ,
656 1093 713 1159 καὶ
740 1089 906 1216 δμόλομός
928 1093 1020 1160 ἐστιν
1044 1089 1065 1179 ή
1088 1099 1154 1160 ΗΘ

134 1199 173 1284 τῇ
193 1204 269 1264 ΣΤ.
306 1206 362 1283 ἴση
387 1197 452 1286 ἅμα
476 1199 567 1266 ἐστὶν
589 1196 699 1284 ήΗΘ
720 1225 760 1287 τη
779 1205 854 1266 ΣΤ
889 1198 945 1265 καὶ
969 1198 1045 1266 ἐπεί
1065 1200 1153 1267 ἐστιν

134 1301 179 1382 ὦς
201 1301 223 1390 ή
248 1311 316 1371 ΑΒ
338 1303 422 1391 πρὸς
444 1303 507 1391 τήν
530 1311 608 1389 ΓΔ,
632 1305 739 1384 οὕτως
761 1301 782 1390 ή
806 1311 869 1386 ΕΖ
890 1302 976 1390 πρὸς
998 1304 1063 1392 τήν
1082 1312 1152 1389 ΣΤ,

135 1417 191 1494 ίση
216 1407 297 1496 δέή
326 1418 396 1478 ΣΤ
414 1415 453 1499 τῇ
478 1418 560 1496 ΗΘ,
588 1409 634 1491 ὡς
656 1411 728 1496 ἅμα·
749 1408 769 1496 ή
794 1418 860 1478 AB
882 1409 966 1498 πρὸς
987 1410 1053 1498 τήν
1077 1419 1150 1497 ΓΛ,

135 1514 242 1595 οὕτως
264 1513 285 1602 ἡ
311 1524 374 1583 ΕΖ
398 1516 481 1602 πρὸς
503 1517 565 1603 τήν
588 1524 671 1585 ΗΘ·
694 1515 776 1602 ὅπερ
800 1521 867 1584 ἔδει
891 1518 1006 1597 δεῖξαι.

83 1730 117 1779 38
612 1711 682 1797 λη’.

198 1830 277 1901 Ἐὰν
304 1835 412 1920 κύβου
439 1838 508 1902 τῶν
536 1832 738 1903 ἀπεναντίον
766 1837 930 1904 ἐπιπέδων
953 1839 992 1902 αί
1012 1838 1153 1924 πλευραὶ

135 1945 212 2028 δίχα
240 1944 409 2028 τμηθῶσι,
438 1937 494 2008 διὰ
526 1942 563 2009 δὲ
591 1946 659 2010 τῶν
686 1952 800 2028 τομῶν
827 1944 966 2011 ἐπίπεδα
993 1945 1154 2032 ἐκβληθῇ,

134 2045 154 2132 ή
179 2059 250 2115 των
271 2049 435 2117 ἐπιπέδων
453 2047 550 2135 κοινή
570 2047 654 2135 τομή
674 2053 751 2135 δίχα
768 2061 860 2135 τεμεῖ
874 2048 937 2135 τήν
951 2052 1013 2117 τοῦ
1026 2048 1154 2118 κύκλον

135 2153 332 2239 διάμετρον,
365 2154 420 2221 καὶ
452 2149 536 2240 αὐτή
572 2158 648 2240 δίχα
675 2151 881 2240 τμηθήσεται
911 2152 977 2222 ὑπὸ
1006 2161 1067 2243 τής
1093 2160 1154 2224 τοῦ

133 2257 260 2326 κύκλου
283 2260 470 2346 διαμέτρου.

201 2364 309 2450 κύβου
333 2364 397 2451 γὰρ
419 2369 480 2433 τοῦ
500 2373 564 2433 AB
588 2370 656 2434 τῶν
679 2362 880 2435 ἀπεναντίον
901 2368 1067 2435 ἐπιπέδων
1086 2372 1154 2436 τῶν

134 2476 212 2553 ΓΛ,
241 2477 324 2555 ΑΕ,
352 2477 430 2556 ΒΖ,
463 2477 532 2538 ΗΘ
563 2475 601 2539 αί
635 2473 774 2559 πλευραὶ
803 2477 879 2559 δίχα
911 2472 1155 2558 τετμήσθωσαν

135 2579 172 2642 αί
195 2581 273 2660 ΓΛ,
298 2583 378 2661 ΔΑ,
402 2584 484 2662 ΑΕ,
509 2585 582 2664 ΕΓ,
605 2586 683 2664 ΒΖ,
708 2584 789 2663 ΖΗ,
813 2585 897 2663 ΗΘ,
921 2585 984 2646 ΘΒ
1007 2579 1091 2647 κατὰ
1114 2579 1154 2648 τὰ

135 2688 180 2766 Κ,
205 2689 251 2767 Λ,
279 2689 333 2768 Μ,
361 2689 411 2769 Ν,
439 2686 480 2769 Ξ,
507 2690 551 2769 0,
576 2692 625 2770 Π,
648 2691 689 2771 Ρ,
719 2682 774 2752 διδι
799 2684 837 2752 δὲ
858 2688 927 2753 τῶν
949 2696 1062 2771 τομῶν
1086 2689 1152 2755 ἐπί-

135 2793 218 2856 πεδα
242 2788 456 2875 ἐκβεβλήσθω
480 2790 519 2857 τὰ
544 2796 635 2876 ΚΜ,
664 2793 744 2875 ΗΞ,
772 2797 859 2876 ΝΛ,
889 2797 962 2877 ΟΡ,
989 2792 1045 2859 καὶ
1070 2798 1153 2863 ἔστω

135 2898 202 2961 τῶν
233 2897 398 2964 ἐπιπέδων
426 2896 521 2982 κοινή
551 2895 635 2983 τομή
663 2895 684 2982 ἡ
708 2904 789 2983 ΣΤ,
823 2896 998 2983 διάμετρος
1027 2898 1065 2966 δὲ
1093 2903 1153 2968 τοῦ

136 2999 245 3083 κύβου
269 3006 352 3069 ἔστω
376 2998 397 3087 ή
418 3010 487 3069 ΒΑ.
528 3003 628 3087 λέγω,
652 3002 703 3069 ὅτι
726 3000 747 3088 ή
766 3009 838 3069 ΣΤ
856 3006 932 3088 δίχα
955 3003 1068 3090 τέμνει
1091 3004 1153 3092 τήν

136 3109 197 3172 τοῦ
219 3106 328 3191 κύβου
351 3107 541 3194 διάμετρον,
569 3109 625 3176 καὶ
649 3108 732 3193 αὕτη
757 3113 833 3195 δίχα
855 3109 1060 3196 τμηθήσεται
1086 3108 1152 3180 ὑπὸ

136 3212 236 3302 ww)
260 3216 320 3280 τοῦ
343 3213 449 3299 κύβου
474 3215 702 3304 διαμέτρωνῑ).

204 3318 456 3406 ἐπεζεύχθωσαν
480 3319 543 3408 γὰρ
571 3325 608 3389 αί
629 3327 707 3407 ΓΣ,
738 3330 822 3407 ΣΑ,
850 3329 929 3408 ΒΤ,
962 3329 1036 3391 ΤΗ.
1083 3324 1153 3392 ἐπεὶ

144 3465 148 3468 -
155 3465 350 3473 ——-——..

209 3551 235 3615 1)
254 3564 322 3605 corr.
342 3550 371 3603 in
390 3551 438 3618 τῆς
458 3582 491 3593 -
511 3547 663 3622 διαμέτρου
682 3571 718 3607 m.
740 3558 762 3606 1.

77 3638 113 3699 ἱ
