2468 3952
376 211 653 263 sssuarrosuu
670 210 780 262 cnara
797 211 845 265 x1.
1001 204 1003 213 ’
1072 208 1116 274 47

168 354 327 419 ducantur
349 354 436 418 enim
458 357 537 438 ΑΓ,
560 358 641 438 ΒΔ,
664 359 747 435 ΑΔ,
771 358 805 418 et
827 359 899 418 ΑΔ
922 375 994 418 cum
1016 355 1115 439 plano

96 465 169 527 ΚΛ
192 463 363 525 concurrat
385 460 420 525 in
442 463 562 547 puncto
585 460 626 546 Ξ,
650 464 683 526 et
706 460 864 526 ducantur
887 460 963 545 ΕΞ,
980 459 1051 534 ΞΖ.
1084 466 1118 524 et

98 568 254 654 quoniam
279 566 342 631 duo
366 567 464 649 plana
486 567 746 650 parallelum,
764 568 848 631 ΜΝ
861 567 960 651 plano
980 571 1043 631 ΕΒ
1051 567 1120 641 ΔΞ

97 675 263 755 secantur,
290 693 476 737 communes
501 694 612 737 eorum
636 673 795 738 sectiones
820 670 894 754 ΕΞ,
917 675 987 736 ΒΔ
1008 674 1116 757 paral-

97 781 182 846 lelae
215 781 293 843 sunt
327 779 431 862 [prop.
460 777 561 859 XVI].
612 777 725 844 eadem
753 777 791 842 de
819 798 932 862 eausa,
964 780 1116 862 quoniam

98 2069 162 2133 duo
186 2069 284 2152 plana
305 2071 465 2154 parallela
488 2075 570 2154 ΗΘ,
589 2076 624 2135 K
628 2076 660 2136 A
682 2073 780 2156 plano
800 2070 935 2147 ΑΞΖΓ
954 2072 1065 2136 secant
1066 2091 1114 2149 ur,

98 2197 286 2242 communes
314 2199 425 2243 eorum
453 2178 611 2243 sectiones
635 2180 713 2261 ΑΓ,
735 2177 799 2253 ΞΖ
824 2178 1000 2262 parallelae
1029 2181 1112 2241 sunt.

98 2286 132 2346 et
155 2284 308 2367 quoniam
331 2285 366 2349 in
389 2285 554 2370 triangulo
570 2288 676 2349 ΑΒΔ
697 2306 753 2350 um
746 2284 911 2349 laterum
927 2289 995 2348 ΒΔ
1008 2284 1113 2368 paral·

96 2389 162 2453 lala
188 2389 284 2455 ducta
314 2394 365 2456 est
392 2394 480 2457 recta
508 2390 582 2475 ΕΞ,
615 2391 679 2456 erit
709 2396 778 2456 ΑΕ
790 2416 797 2455 :
813 2395 876 2456 ΕΒ
890 2421 933 2444 ==
948 2390 1013 2465 Aa:
1025 2414 1033 2454 :
1046 2390 1113 2464 ΞΔ

99 2493 237 2580 [V1,2].
280 2519 391 2563 rursus
416 2497 570 2582 quoniam
593 2497 628 2561 in
650 2498 817 2584 triangulo
836 2501 945 2562 ΑΔΓ
958 2498 1014 2562 uni
1031 2498 1112 2562 late·
1152 2552 1153 2556 ,

96 2623 170 2666 rum
194 2606 264 2667 ΑΓ
281 2603 441 2686 parallela
462 2603 560 2669 ducta
582 2605 632 2668 est
654 2607 743 2668 recta
765 2602 838 2687 ΞΖ,
862 2604 925 2667 erit
947 2603 1015 2678 ΑΞ
1027 2627 1034 2668 :
1047 2603 1113 2678 ΞΔ

98 2736 141 2762 -·-··
152 2712 213 2774 ΓΖ
223 2732 229 2773 :
241 2713 315 2777 ZA.
340 2710 395 2775 sed
409 2710 667 2776 demonstratum
682 2714 740 2794 est,
759 2731 829 2774 esse
844 2710 943 2774 etium
953 2711 1036 2783 Aa:
1046 2709 1114 2784 ΞΔ

100 2844 143 2868 ==
157 2819 227 2880 AE
238 2838 245 2879 :
262 2819 336 2881 ΕΒ.
381 2837 480 2899 quare
505 2816 604 2880 etiam
627 2820 716 2881 AE:
731 2820 794 2880 ΕΒ
810 2845 851 2868 ==
866 2817 927 2881 ΓΖ
942 2839 949 2880 :
965 2821 1039 2882 ZA.

165 2919 255 3008 Ergo
280 2921 308 2986 si
330 2921 411 2986 duae
434 2925 541 2987 rectae
564 2922 671 3005 planis
693 2922 859 3007 parallelis
883 2927 1041 3007 secantur,
1065 2944 1114 2987 se·

98 3027 239 3093 eundum
267 3027 401 3093 eandem
429 3028 589 3094 rationem
617 3029 825 3114 secabuntur3
854 3028 940 3112 quod
968 3031 1038 3093 erat
1060 3028 1112 3094 de·

96 3134 352 3200 monstrandum.
