2468 3952
130 188 195 251 323
504 186 706 240 Σοοωεοωεω
724 182 774 256 η’.

543 382 738 469 Πόρισμα.

194 503 249 573 Ἐκ
268 505 309 593 δη
330 505 451 575 τούτου
471 506 633 593 φανερόν,
657 502 708 573 ὅτι
726 510 785 593 τῆς
803 509 864 574 τοῦ
884 505 995 592 κύβον
1010 509 1151 591 πλευράς

129 611 234 698 άκρον
262 612 318 679 καὶ
345 613 448 699 μέσον
477 612 580 698 λόγον
608 612 812 699 τεμνομένης
840 610 879 679 τὸ
902 617 1019 698 μεῖζον
1043 610 1149 698 τμῆμά

132 721 221 786 ἐστιν
244 716 265 805 ἡ
289 723 349 786 τοῦ
374 720 608 805 δωδεκαέδρου
631 716 767 805 πλευρά.
792 715 874 805 ὅπερ
898 722 968 786 ἔδει
993 720 1110 801 δείξαι.

97 960 112 1006 5
613 957 671 1017 ιη.

201 1054 276 1136 Τάς
298 1053 470 1140 πλευρὰς
493 1059 568 1123 των
588 1056 704 1122 πέντε
723 1053 932 1143 σχημάτων
953 1057 1151 1123 ἐκθέσθαι

130 1161 198 1228 καλ
222 1174 437 1248 συγκρῖναι
459 1160 556 1248 πρὸς
579 1159 765 1247 ἀλλήλας.

194 1265 374 1336 Ἐκκείσθω
407 1264 428 1354 ἡ
461 1278 519 1354 τῆς
552 1271 711 1354 δοθείσης
743 1273 889 1355 σφαίρας
921 1266 1103 1356 διάμετρος
1130 1264 1150 1354 ἡ

130 1381 212 1460 AB,
239 1374 295 1440 καὶ
323 1372 498 1461 τετμήσθω
526 1372 608 1441 κατὰ
635 1371 673 1442 τὸ
702 1379 734 1441 Γ
757 1373 842 1442 ὥστε
869 1381 948 1460 ίσην
976 1372 1067 1442 εἷναι
1093 1373 1151 1462 τὴν

80 1510 112 1556 10
132 1485 201 1546 ΛΓ
227 1483 267 1566 τῇ
295 1485 372 1564 ΓΒ,
404 1478 487 1547 κατὰ
520 1479 558 1547 δλ
585 1479 623 1548 τὸ
653 1488 686 1546 A
723 1480 808 1547 ὥστε
836 1485 1040 1549 διπλασίονα
1068 1479 1151 1549 ελναι

130 1585 191 1672 την
220 1593 286 1652 AA
313 1589 372 1670 τῆς
400 1593 482 1670 AB,
514 1585 570 1653 καλ
602 1584 787 1673 γεγράφθω
816 1586 869 1654 έπλ
897 1590 957 1672 τῆς
983 1595 1052 1655 ΑΒ
1081 1585 1151 1675 ἡμι

130 1690 269 1760 κύκλιον
297 1690 333 1760 τὸ
362 1696 479 1778 ΑΕΒ,
507 1693 562 1759 καλ
590 1689 655 1760 άπὸ
684 1703 751 1760 τῶν
779 1699 819 1777 Γ,
847 1702 881 1760 A
907 1696 947 1781 τῇ
976 1701 1045 1761 AB
1072 1693 1152 1782 πρὸς

132 1796 238 1885 ὀρθάς
270 1796 432 1886 ἤχθωσαν
464 1802 502 1866 αλ
526 1805 604 1884 ΓΕ,
637 1806 719 1882 AZ,
750 1799 808 1866 καλ
836 1797 1092 1887 ἐπεζεύχθωσαν
1120 1802 1154 1867 αί

131 1913 212 1991 AZ,
236 1912 313 1991 ZB,
337 1911 409 1971 ΕΒ.
445 1904 501 1971 καλ
525 1905 594 1972 ἐπεὶ
618 1909 717 1992 διπλῆ
742 1907 834 1973 ἐστιν
856 1903 878 1993 ἡ
902 1914 969 1973 AA
991 1911 1052 1994 τῆς
1069 1915 1152 1993 AB,

79 2041 111 2090 15
130 2018 250 2101 τριπλῆ
288 2011 353 2099 άρα
386 2012 477 2081 ἐστὶν
513 2009 534 2095 ἡ
567 2019 632 2079 AB
670 2016 729 2098 τῆς
766 2019 838 2080 BA.
904 2009 1153 2101 ἀναστρέψαντι

131 2117 268 2206 ἡμιολία
290 2118 356 2205 ἄρα
380 2120 469 2188 ἐστὶν
498 2116 518 2205 ἡ
542 2126 604 2186 BA
626 2123 685 2207 τῆς
704 2128 780 2188 AA.
817 2116 862 2200 ὥς
885 2117 923 2186 δὲ
945 2116 1048 2206 ηΒΑ
1071 2120 1155 2209 πρὸς

131 2224 193 2312 τὴν
212 2234 294 2311 AA,
318 2223 425 2306 οὕτως
443 2225 481 2293 τὸ
505 2223 571 2293 άπὸ
594 2230 653 2311 τῆς
672 2233 734 2293 BA
751 2223 837 2310 πρὸς
855 2223 894 2295 τδ
914 2224 979 2294 άπὸ
998 2230 1060 2311 τῆς
1077 2235 1154 2295 AZ·

134 2331 314 2416 ἰσογώνιον
337 2331 402 2419 γάρ
426 2334 495 2400 ἐστι
518 2330 556 2400 τὸ
580 2339 679 2398 ΑΖΒ
702 2336 870 2418 τρίγωνον
892 2336 937 2424 τῷ
963 2339 1066 2401 ΑΖΔ
1088 2359 1155 2421 τρι·

132 2435 245 2525 γοόνφ·
276 2435 433 2523 ἡμιόλιον
466 2436 531 2525 άρα
560 2438 629 2505 ἐστὶ
655 2436 694 2506 τὸ
724 2436 789 2505 άπὸ
818 2442 877 2524 τῆς
904 2446 966 2506 BA
995 2445 1059 2508 τοῦ
1088 2438 1154 2508 άπὸ

79 2562 113 2635 20
132 2546 192 2627 τῆς
207 2549 278 2609 AZ.
316 2546 384 2609 ἔστι
404 2541 441 2610 δέ
459 2544 514 2610 καλ
534 2541 555 2631 ἡ
573 2547 632 2629 τῆς
651 2549 796 2631 σφαίρας
815 2544 993 2633 διάμετρος
1012 2544 1156 2632 δυνάμει

132 2646 268 2736 ἡμιολία
291 2651 350 2733 τῆς
372 2654 518 2737 πλευράς
539 2654 598 2736 τῆς
620 2653 817 2737 πυραμίδος.
853 2654 912 2716 καί
933 2650 1024 2717 ἐστιν
1050 2648 1152 2738 ηΑΒ

133 2782 153 2840 η
187 2782 244 2841 της
277 2760 422 2843 σφαίρας
456 2755 644 2844 διάμετρος·
677 2784 698 2842 η
728 2763 793 2823 AZ
826 2754 893 2845 άρα
925 2763 980 2842 ίση
1015 2758 1087 2824 ἐστὶ
1116 2760 1155 2846 τῇ

132 2865 260 2952 πλευρᾷ
283 2887 341 2948 της
365 2866 559 2949 πυραμίδος.

200 2965 324 3051 Πάλιν,
340 2969 408 3036 έπελ
424 2973 611 3036 διπλασίων
626 2965 750 3037 έστλν
734 2996 755 3054 η
769 2975 835 3034 AA
849 2994 906 3054 της
916 2975 978 3035 AB
984 2978 1156 3058 ,τριπλη

82 3115 114 3162 25
83 3072 200 3202 χάρα
224 3070 355 3141 έστλν“
339 3102 360 3160 η
379 3082 445 3142 AB
468 3102 526 3161 της
544 3082 616 3143 BA
654 3102 699 3153 ως
718 3074 755 3142 δε
774 3071 875 3160 ηΑΒ
894 3073 976 3159 πρὸς
994 3073 1059 3163 τὴν
1077 3085 1156 3162 BA,

135 3179 242 3260 οὕτως
264 3178 301 3248 τὸ
325 3179 392 3249 άπὸ
415 3207 474 3267 της
494 3188 560 3248 ΑΒ
582 3180 667 3267 πρὸς
689 3179 727 3247 τὸ
751 3177 817 3247 άπὸ
842 3208 899 3267 της
922 3188 997 3248 ΒΖ·
1021 3184 1157 3270 τριπλά-

208 3357 376 3447 λπόριομα
358 3376 389 3447 οι]
409 3392 498 3461 comp.
518 3393 574 3445 mg.
594 3394 622 3428 m
643 3381 657 3428 1
679 3375 795 3444 PBVq
820 3392 872 3431 om.
892 3375 919 3428 b
1011 3381 1036 3431 3.
1056 3396 1157 3447 τετμη-

134 3445 288 3516 μένηςλιη.
372 3394 843 3534 43n2953÷256s5m]0mf¹{⁷q‚
863 3447 929 3513 ο)-
945 3446 971 3499 b.
1052 3448 1156 3521 Mn]

137 3535 190 3573 om
211 3519 289 3585 Bbq
363 3523 444 3571 9.κα
408 3515 479 3570 κατὰ
500 3515 551 3586 μέν
536 3516 632 3573 v.BV
708 3523 749 3573 10.
768 3517 815 3588 τῇ]
836 3532 904 3571 corr.
924 3533 958 3571 ex
975 3516 1078 3586 τηςΒ
1149 3547 1153 3554 -
