2468 3952
133 193 197 256 266
504 192 705 244 ΣΤοΙΧπιαΝ
724 190 772 260 η’.

129 332 194 420 ἄρα
227 332 247 419 ἡ
277 337 341 399 ΖΓ
364 337 462 421 λοιπῇ
490 343 529 422 τῇ
555 340 619 401 ΖΕ
645 336 735 402 ἐστιν
763 342 828 419 ἴση.
878 338 947 401 ἔστι
976 332 1015 400 δὲ
1041 333 1099 399 καὶ
1126 328 1145 418 ἡ

130 446 192 508 ΓΔ
215 444 253 528 τῇ
279 446 349 506 ΔΕ
370 446 436 525 ἴση.
482 439 544 508 δύο
570 437 611 527 δὴ
636 443 674 506 αἴ
694 446 765 526 ΖΓ,
790 445 852 507 ΓΔ
876 438 954 506 δνσὶ
976 452 1049 518 ταῖς
1071 445 1146 523 ΖΕ,

130 553 193 614 ΕΔ
217 554 286 613 ἴσαι
310 549 409 614 εἴσίν·
437 546 492 613 καὶ
516 546 614 631 βάσις
637 544 749 614 αὐτῶν
772 543 869 632 κοινὴ
892 542 913 632 ἡ
939 552 1014 610 ΖΔ’
1039 549 1146 630 γωνία

130 650 229 740 άραὴ
248 649 315 720 ὑπὸ
332 657 424 721 ΖΓΔ
442 658 550 743 γωνίᾳ
563 657 602 741 τῇ
616 649 683 720 ὑπὸ
699 659 795 719 ΖΕΔ
810 654 901 719 ἐστιν
914 659 979 737 ἴση.
1011 653 1147 736 ἐδείχθη

95 758 168 834 5δῖ
197 760 253 826 καὶ
280 758 300 846 ἡ
329 758 395 827 ὑπὸ
420 765 515 827 ΒΓΑ
541 768 581 848 τῇ
604 757 670 827 ὑπὸ
694 765 795 825 ΑΕΒ
819 765 887 843 ἴση·
915 757 971 824 καὶ
995 756 1057 842 ὅλη
1084 755 1147 843 άηα

130 863 151 951 ἡ
183 862 248 934 ὑπὸ
279 871 377 933 ΒΓΔ
408 863 470 954 ὅλη
502 867 542 953 τῇ
575 860 641 932 ὑπό
669 872 770 932 ΑΕΔ
802 871 868 950 ἴση.
919 860 994 930 ἀλλ’
1028 860 1049 950 ἡ
1082 861 1146 931 ὑπὸ

130 976 227 1040 ΒΓΔ
251 980 306 1057 ἴση
329 968 501 1039 ὑπόκειται
520 983 592 1051 ταῖς
610 968 694 1054 πρὸς
711 983 782 1049 τοῖς
800 978 849 1055 Α,
869 977 898 1036 Β
917 974 1071 1056 γωνίαις·
1095 969 1149 1036 καῖ

130 1074 151 1162 ἡ
178 1074 244 1145 ὑπὸ
268 1084 372 1144 ΑΕΔ
398 1075 465 1163 α”ρα
492 1089 563 1155 ταῖς
589 1074 673 1160 πρὸς
700 1089 769 1155 τοῖς
792 1084 838 1161 Α,
866 1083 894 1142 Β
922 1080 1063 1162 γωνίαις
1093 1082 1147 1160 ἴση

132 1185 230 1251 ἐστίν.
277 1180 401 1269 ὁμοίως
424 1180 465 1268 δὴ
490 1183 653 1268 δείξομεν,
678 1179 729 1250 ὅτι
752 1182 807 1249 καλ
830 1179 851 1269 ἡ
875 1178 941 1249 ὑπὸ
966 1185 1067 1247 ΓΔΕ
1089 1207 1150 1267 γω-

81 1314 114 1362 10
133 1294 190 1355 νία
218 1296 273 1373 ἴση
303 1289 371 1356 ἐστὶ
398 1301 470 1369 ταῖς
498 1288 580 1375 πρὸς
607 1301 677 1368 τοῖς
700 1297 746 1374 Α,
775 1296 819 1374 Β,
846 1293 879 1355 Γ
897 1291 1050 1374 γωνίαις·
1081 1291 1150 1356 ἴσο-

131 1393 258 1479 γοίνιον
282 1392 347 1481 άηα
370 1394 440 1461 ἐστὶ
462 1393 500 1462 τὸ
525 1400 696 1462 ΑΒΓΔΕ
716 1391 941 1480 πεντάγωνον.

196 1497 293 1567 Ἀλλά
316 1500 358 1584 δὴ
381 1498 425 1586 μὴ
449 1504 598 1568 ἴστωσαν
622 1507 692 1566 ἴσαι
711 1503 750 1566 αἴ
764 1496 846 1567 κατά
865 1499 903 1567 τὸ
924 1500 998 1586 ἑξῆς
1016 1506 1150 1586 γωνίαι,

132 1603 205 1674 ἀλλ’
237 1612 385 1675 ἴστωσαν
413 1614 483 1673 ἴσαι
511 1609 549 1672 αἴ
574 1604 657 1694 πρός
686 1618 756 1685 τοῖς
778 1614 827 1690 Α,
856 1611 894 1692 Γ,
923 1614 957 1672 Δ
984 1612 1151 1693 σημείοις·

132 1714 233 1799 λέγω,
270 1711 321 1782 ὅτι
357 1712 412 1779 καὶ
445 1708 551 1791 οὕτως
585 1710 767 1797 ἴσογάνιόν
804 1714 873 1779 ἐστι
909 1713 947 1779 τὸ
980 1717 1153 1780 ΑΒΓΔΕ

78 1842 114 1892 15
133 1818 359 1904 πεντάγωνον.

196 1921 401 2011 Ἐπεζεύχθω
424 1924 487 2010 γάρ
511 1920 531 2009 ἡ
552 1929 623 1992 ΒΔ.
661 1924 717 1990 καλ
741 1924 811 1991 ἐπεὶ
835 1921 897 1990 δύο
922 1926 959 1989 αἴ
980 1930 1056 2008 ΒΑ,
1082 1933 1152 1993 ΑΕ

133 2031 210 2099 δνσὶ
237 2044 310 2111 ταῖς
337 2035 409 2116 ΒΓ,
442 2035 505 2097 ΓΔ
533 2037 603 2097 ἴσαι
630 2030 694 2097 εἴσῖ
722 2029 777 2096 καῖ
804 2033 929 2115 γωνίας
957 2036 1031 2109 ἴσας
1058 2053 1152 2117 πεοι-

132 2139 277 2223 έχονσιν,
301 2136 399 2222 βάσις
422 2133 488 2223 ἄρα
511 2132 532 2221 ἡ
552 2143 618 2203 ΒΕ
634 2135 731 2221 βάσει
748 2139 788 2223 τῇ
809 2143 873 2204 ΒΔ
892 2142 946 2220 ἴση
968 2136 1070 2221 ἐστίν,
1095 2137 1151 2204 καῖ

132 2241 169 2310 τὸ
194 2249 295 2309 ΑΒΕ
315 2246 481 2329 τρίγωνον
503 2245 550 2334 τῷ
574 2246 669 2308 ΒΓΔ
691 2241 844 2333 τριγοίνςο
869 2249 945 2308 ἴσον
969 2243 1070 2327 ἐστίν,
1095 2245 1152 2311 καῖ

81 2371 115 2420 20
135 2351 172 2414 αί
197 2347 310 2416 λοιπαὶ
338 2352 458 2432 γωνίαι
485 2360 557 2426 ταῖς
584 2355 716 2426 λοιπαῖς
741 2354 882 2434 γωνίαις
908 2355 978 2415 ἴσαι
1001 2351 1150 2435 ἔσονται,

132 2450 193 2540 ὑφ’
224 2450 263 2533 ἃς
291 2456 329 2520 αἴ
350 2460 420 2520 ἴσαι
442 2453 582 2540 πλευραὶ
604 2449 856 2521 ὑποτείνουσιν·
886 2462 941 2538 ἴση
966 2452 1032 2540 ὅρα
1056 2455 1149 2524 ἐστὶν

133 2557 153 2646 ἡ
187 2557 253 2627 ὑπὸ
281 2566 381 2627 ΑΕΒ
414 2565 521 2644 γωνία
551 2563 592 2648 τῇ
624 2556 691 2627 ὑπὸ
720 2565 828 2628 ΓΔΒ.
878 2563 947 2626 ἔστι
979 2557 1016 2625 δὲ
1043 2560 1102 2627 ocal
1130 2558 1151 2647 ἡ

132 2664 198 2734 ὑπὸ
223 2673 322 2733 ΒΕΔ
344 2670 450 2750 γωνία
471 2668 512 2753 τῇ
534 2662 602 2732 ὑπὸ
625 2667 727 2733 ΒΔΕ
748 2673 819 2751 ἴση,
847 2665 917 2732 ἐπεὶ
944 2665 999 2732 καῖ
1023 2665 1154 2755 πλευρά

133 2769 153 2858 ἡ
179 2779 243 2839 ΒΕ
263 2775 391 2858 πλευρᾷ
414 2775 453 2859 τῇ
477 2779 542 2839 ΒΔ
564 2774 655 2839 ἐστιν
679 2779 743 2859 ἴση.
784 2771 840 2838 καῖ
863 2770 924 2858 ὅλη
949 2770 1015 2857 ἄρα
1037 2769 1059 2858 ἡ
1083 2770 1152 2842 ὑπὸ

80 2899 114 2948 25
133 2886 234 2946 ΑΕΔ
265 2883 372 2963 γωνία
401 2875 462 2965 ὅλη
490 2881 530 2966 τῇ
562 2875 629 2945 ὑπὸ
657 2883 756 2946 ΓΔΕ
781 2880 870 2946 ἐστιν
899 2886 964 2964 ἴση.
1014 2875 1101 2946 άλλὰ
1132 2877 1152 2966 ἡ

132 2983 197 3053 ὑπὸ
218 2990 316 3052 ΓΔΕ
337 2998 408 3064 ταῖς
426 2987 510 3070 πρὸς
528 2996 599 3063 τοῖς
618 2992 665 3070 Α,
684 2990 716 3052 Γ
730 2988 869 3069 γωνίαις
886 2982 1061 3052 ὑπόκειται
1080 2993 1154 3074 ἴση·

206 3242 230 3290 1.
251 3229 325 3289 ἐστιν
345 3235 390 3301 ἴση
412 3263 441 3273 —
463 3238 487 3286 3.
508 3231 572 3301 ΕΔ]
592 3229 634 3284 bis
653 3231 680 3284 b.
781 3237 804 3285 l.
826 3229 901 3285 ἔστιν
920 3230 951 3286 Β.
1051 3237 1076 3285 3.
1097 3231 1159 3288 εἴσί

135 3307 191 3361 Vb.
280 3311 303 3360 5.
323 3305 388 3374 καί]
409 3321 463 3358 om.
482 3301 544 3357 BV.
635 3306 658 3355 6.
680 3297 755 3356 ἐστιν
775 3303 820 3370 ἴση
840 3303 901 3358 BV.
975 3298 1046 3356 άλλά
1065 3303 1154 3373 BVq.

242 3383 265 3431 7.
285 3375 376 3446 ΒΓΔ]
407 3373 455 3440 sic,
475 3374 525 3428 sed
543 3389 599 3442 mg.
618 3389 655 3428 m.
676 3379 689 3426 1
713 3375 793 3426 ΓΔΕ
811 3374 838 3428 b.
946 3374 1075 3446 γωνίαις]
1097 3391 1154 3429 om.

134 3447 219 3503 BVb.
327 3453 351 3501 8.
371 3445 440 3515 τοῖς]
460 3441 526 3506 τούς
545 3460 571 3510 q.
671 3443 739 3498 Post
757 3449 778 3497 B
798 3444 861 3498 add.
883 3448 943 3510 Rq
963 3444 992 3498 et
1011 3460 1097 3514 supra
1115 3464 1154 3501 m.

137 3517 201 3571 lV.
258 3523 300 3571 10.
319 3517 356 3586 Γ]
377 3532 429 3570 om.
448 3513 484 3583 B,
506 3532 590 3584 supra
607 3531 644 3567 m.
666 3521 679 3567 1
700 3515 733 3567 V.
791 3521 831 3570 11.
852 3509 927 3568 ἐστίν
946 3513 977 3582 Β,
997 3531 1052 3568 om.
1072 3516 1107 3570 V.
