2468 3952
454 209 636 261 APPENDIX
653 209 689 262 11.
1010 205 1076 270 423

56 376 137 418 τινα
164 353 223 435 τῆς
250 356 352 418 ΔΕΖ
379 352 598 436 τριπλασίονα
625 348 730 435 λόγον
758 352 823 435 ἔχει
855 346 938 435 ἥπερ
967 344 988 434 ἡ
1014 354 1082 415 ΒΓ

57 454 144 545 πρὸς
166 454 229 542 τὴν
253 463 323 524 ΕΖ.
507 446 510 452 ’

128 565 160 629 εί
171 559 237 649 γὰρ
252 561 410 648 δυνατόν,
433 559 454 648 ἡ
470 567 535 629 ΑΒ
544 567 576 628 Γ
586 572 713 647 σφαῖρα
727 559 811 649 πρὸς
824 565 959 647 μείζονα
973 553 1077 644 λόγον

59 667 160 754 ἐχέτω
184 678 242 754 τῆς
256 675 359 736 ΑΒΖ
382 673 527 755 σφαίρας
549 665 633 754 πρὸς
654 666 716 754 τὴν
731 675 762 735 A
785 664 869 755 ἤπερ
887 665 908 751 ἡ
923 666 986 733 ΒΓ
994 664 1078 751 πρὸς

59 772 123 860 τὴν
147 781 217 842 ΕΖ.
262 770 430 842 ἀνάπαλιν
453 772 520 863 ἄρα
542 771 563 860 ἡ
588 780 619 840 A
642 785 769 861 σφαῖρα
792 771 876 860 πρὸς
898 769 960 858 τὴν
978 777 1082 838 ΑΒΓ

61 893 211 970 σφαῖραν
234 886 452 967 τριπλασίονα
475 879 585 967 λόγον,
602 883 668 966 ἔχει
691 876 774 967 ἥπερ
793 876 814 964 ἡ
835 885 897 946 ΕΖ
914 876 998 975 αρὸς
1015 876 1077 965 τὴν

59 973 131 1054 ΒΓ.
169 984 214 1067 ὡς
237 985 274 1054 δὲ
292 984 312 1074 ἡ
328 993 360 1054 Λ
378 998 505 1075 σφαῖρα
523 985 606 1074 πρὸς
619 984 658 1072 τὴ
674 991 777 1053 ΑΒΓ
787 997 948 1072 σφαῖραν,
972 983 1078 1064 οὕτως

59 1090 200 1178 ἡΔΕΖ
219 1105 346 1181 σφαῖρα
364 1091 447 1179 πρὸς
465 1091 632 1162 ἐλάσσονά
650 1119 725 1160 τινα
739 1096 798 1178 τῆς
811 1097 914 1160 ΑΒΓ
924 1096 1077 1179 σφαίρας.

62 1198 119 1267 καί
142 1196 163 1285 ἡ
180 1207 282 1267 ΔΒΖ
305 1197 370 1289 ἄρα
394 1213 521 1286 σφαῖρα
539 1198 623 1286 πρὸς
637 1197 804 1266 ἐλάσσονα
817 1224 893 1267 τινα
907 1203 966 1285 τῆς
979 1204 1083 1267 ΑΒΓ

62 1311 208 1391 σφαίρας
230 1310 448 1393 τριπλασίονα
471 1304 575 1391 λόγον
599 1309 665 1391 ἔχει
687 1303 771 1391 ἥπερ
794 1301 889 1390 ἡΕΖ
911 1304 994 1394 πρὸς
1017 1302 1074 1391 τὴν

61 1417 136 1478 ΒΓ·
165 1409 246 1498 ὅπερ
269 1409 449 1480 ἀδύνατον.
496 1409 558 1479 οὐκ
586 1409 651 1498 ἄρα
678 1408 700 1497 ἡ
723 1416 826 1478 ΑΒΓ
845 1424 972 1498 σφαῖρα
994 1410 1078 1497 πρὸς

62 1516 198 1604 μείζονά
225 1542 301 1586 τινα
329 1529 387 1605 τῆς
413 1526 516 1585 ΔΕΖ
545 1523 690 1606 σφαίρας
722 1522 941 1604 τριπλασίονα
973 1515 1077 1601 λόγον

63 1629 130 1710 ἔχει
153 1622 235 1711 ἥπερ
259 1623 280 1710 ἡ
304 1630 373 1691 ΒΓ
391 1623 475 1712 πρὸς
497 1623 559 1711 τὴν
578 1631 649 1692 ΕΖ.
687 1625 823 1710 ἐδείχθη]
848 1624 899 1707 δέ,
923 1621 974 1690 ὅτι
998 1620 1078 1690 οὐδὲ

62 1729 146 1817 πρὸς
170 1729 344 1799 ἐλάσσονα.
381 1729 402 1817 ἡ
417 1737 518 1799 ΑΒΓ
538 1744 665 1817 σφαῖρα
683 1728 766 1818 πρὸς
783 1729 846 1816 τὴν
861 1737 961 1796 ΑΕΖ
980 1731 1091 1813 σφαί-’

64 1862 128 1924 ραν
152 1841 370 1923 τριπλασίονα
393 1836 496 1921 λόγον
515 1841 579 1924 ἔχει
604 1835 687 1924 ἤπερ
711 1833 815 1923 ἡΒΓ
833 1835 916 1922 πρὸς
929 1833 991 1921 τὴν
1007 1842 1077 1903 ΕΖ.

328 1956 514 2028 Εὐκλείδου
537 1965 710 2048 στοιχείων
718 1961 742 2050 l)
764 1948 814 2046 [A.

138 2155 163 2223 1)
182 2155 258 2210 Infra
275 2153 339 2210 add.
359 2160 486 2224 στερεῶν.
