2468 3952
377 213 653 267 ELEMENTORUM
671 214 780 268 LIBER
797 164 859 268 xil
1061 211 1127 277 229

106 361 139 422 A
146 361 187 422 N
215 357 370 423 circulum
402 359 539 422 ΕΖΗΘ
569 379 636 422 non
667 356 837 442 contingit.
892 357 997 422 multo
1025 357 1128 444 igitur

105 463 213 549 magis
246 469 325 543 ΛΔ,
363 466 440 527 ΔΝ
472 463 627 528 circulum
654 466 790 527 ΕΖΗΘ
825 483 891 527 non
923 463 1127 548 contingunt.

106 570 219 654 itaque
239 570 267 634 si
285 573 390 634 rectas
409 573 517 634 rectae
532 575 598 634 ΛΔ
617 570 765 653 aequales
780 568 815 634 in
829 568 987 634 circulum
1001 572 1128 635 ΑΒΓΔ

107 676 263 742 continue
296 675 517 759 aptauerimus
552 673 621 763 [IV,
655 678 702 761 l],
734 676 769 740 in
800 676 957 741 circulum
989 679 1129 741 ΑΒΓΔ

107 783 310 867 polygonum
333 782 586 866 aequilaterum,
613 782 704 848 cuius
727 783 832 847 latera
854 782 947 866 paria
970 787 1048 847 sunt
1069 805 1129 850 nu·.

108 909 213 973 mero,
239 888 288 953 ita
310 888 537 973 inscribemus,
565 894 602 954 ut
630 889 788 954 minorem
812 889 967 955 circulum
991 891 1128 954 ΕΖΗΘ

109 1015 178 1061 non
200 997 331 1080 tangat,
356 995 442 1079 quod
466 996 639 1078 oportebat
661 995 740 1062 fieri.

566 1171 672 1238 XVII.

176 1295 274 1362 Datis
293 1297 417 1362 duabus
436 1295 584 1381 sphaeris
604 1295 725 1361 circum
743 1296 829 1361 idem
848 1302 996 1363 centrum
1009 1297 1127 1381 positis

108 1403 143 1467 in
163 1404 320 1467 maiorem
335 1403 507 1486 sphaeram
523 1402 663 1466 solidum
676 1402 869 1485 polyedrum
882 1404 930 1469 ita
942 1403 1128 1486 inscribere,

107 1512 146 1574 ut
161 1508 320 1575 minorem
335 1507 507 1592 sphaeram
522 1506 698 1573 secundum
714 1509 917 1592 superficiem
926 1531 993 1575 non
1002 1513 1127 1595 tangat.

176 1614 358 1700 Fingantur
371 1615 453 1679 duae
468 1601 629 1697 ⁴sphaerae
653 1613 772 1678 circum
791 1615 876 1679 idem
895 1620 1041 1681 centrum
1055 1612 1126 1700 A.²)

110 1725 240 1805 oportet
258 1720 361 1805 igitur
373 1720 408 1785 in
423 1720 579 1785 maiorem
594 1719 765 1803 sphaeram
781 1720 919 1786 solidum
935 1720 1127 1805 polyedrum

107 1829 157 1893 ita
179 1827 362 1911 inscribere,
384 1830 423 1891 ut
446 1827 603 1891 minorem
629 1826 801 1910 sphaeram
825 1827 1000 1892 secundum
1020 1850 1128 1912 super-

109 1933 213 1999 ficiem
236 1956 304 2000 non
325 1936 450 2019 tangat.

176 2042 325 2105 secentur
357 2040 513 2124 sphaerae
545 2039 642 2122 pleno
674 2039 781 2123 aliquo
811 2061 870 2123 per
897 2042 1044 2104 centrum
1071 2061 1127 2122 po-

110 2147 182 2212 sito.
224 2146 383 2212 sectiones
411 2145 513 2231 igitur
537 2145 649 2210 circuli
675 2150 784 2230 erunt,
812 2147 966 2230 quoniam
990 2145 1128 2229 sphaera

110 2256 183 2317 orta
207 2256 256 2317 est
284 2254 436 2317 manente
463 2251 622 2316 diametro
653 2255 685 2316 et
708 2253 901 2317 circumacto
925 2252 1127 2318 semicirculo

59 2384 63 2390 ·
110 2357 172 2440 [XI
206 2357 268 2423 def.
304 2360 372 2443 14];
411 2379 509 2443 quare
545 2359 579 2422 in
616 2380 806 2442 quacunque
839 2357 1001 2441 positione
1034 2359 1128 2423 semi-

108 2465 266 2531 circulum
288 2464 491 2545 finxerimus,
519 2465 652 2548 planum
681 2486 740 2547 per
763 2487 835 2529 eum
859 2464 991 2530 ductum
1015 2465 1129 2529 sectio-

109 2594 185 2637 nem
212 2572 247 2655 in
274 2571 443 2653 superficie
472 2570 627 2654 sphaerae
660 2570 779 2636 efficiet
807 2571 969 2650 circulum.
1019 2574 1052 2635 et
1075 2570 1128 2635 ad·

109 2680 218 2763 paret,
247 2677 345 2741 etiam
373 2677 549 2741 maximum
581 2676 736 2741 circulum
765 2675 797 2739 id
831 2677 1019 2742 effecturum
1047 2697 1128 2761 esse,

109 2783 262 2866 quoniam
291 2781 468 2846 diametrus
497 2781 668 2866 sphaerae,
700 2803 781 2865 quae
794 2793 798 2801 '
811 2780 922 2846 eadem
950 2782 1127 2848 diametrus

110 2890 164 2951 est
186 2887 377 2952 semicirculi
400 2893 433 2951 et
454 2886 558 2970 ipsius
583 2886 703 2970 circuli,
726 2888 763 2950 ut
786 2886 929 2971 adparet,
953 2887 1058 2952 maior
1076 2892 1127 2952 est

110 2993 259 3059 omnibus
283 2993 391 3078 rectis,
417 2992 557 3078 quaein
581 2993 701 3058 circulo
725 2993 779 3057 uel
804 2992 943 3075 sphaera
966 2993 1126 3057 ducuntur

182 3189 210 3255 1)
228 3186 361 3255 Figuram
381 3185 446 3240 dedi
464 3202 497 3239 ex
512 3184 546 3252 P;
566 3182 632 3238 inB
651 3188 730 3240 recta
743 3188 770 3238 K
775 3187 801 3238 st
821 3182 926 3238 omissa
944 3185 995 3238 est.
1023 3200 1127 3238 nonam

108 3257 263 3313 delineauit
281 3256 445 3326 Peyrardue.

108 3400 144 3469 P,
164 3419 206 3469 γρ.
226 3393 402 3467 ἐπιφάνειαν
421 3380 506 3465 supra
522 3414 559 3451 m.
578 3413 634 3452 rec.
708 3403 750 3453 19.
772 3393 884 3466 ἐγένετο
900 3380 925 3451 V
944 3397 1021 3466 (ante
1038 3416 1055 3450 τ
1072 3413 1126 3453 rae.

112 3477 125 3524 1
145 3471 201 3525 litt.
221 3471 250 3524 et
269 3470 400 3524 accentus
419 3468 510 3535 corn).
566 3473 608 3522 28.
628 3464 704 3523 ἐστίν
723 3466 752 3524 Ρ.
809 3468 1126 3539 24.ual]ins.m.1v.

181 3545 224 3596 26.
243 3535 382 3611 εὐθειῶν]
402 3554 456 3594 om.
474 3538 504 3592 P.
