2468 3952
154 168 219 232 256
528 168 729 222 ντουιωαεα
749 163 797 237 η’.

153 315 222 379 ΑΓ
240 313 301 377 τοῦ
325 307 390 377 ἀπὸ
414 313 472 396 τῆς
486 316 565 396 ΔΓ,
587 311 738 378 τουτέστι
761 308 799 378 τὸ
824 317 890 378 ΡΣ
910 313 972 378 τοῦ
992 316 1069 378 ΖΗ.
1117 309 1170 376 καὶ

153 416 223 484 ἐπεὶ
246 414 284 484 τὸ
307 413 375 484 ὑπὸ
399 420 468 484 τῶν
491 423 590 485 ΑΒΓ
605 424 681 484 ἴσον
701 417 769 485 ἐστὶ
788 420 835 508 τῷ
855 414 919 485 ἀπὸ
937 419 997 504 της
1016 421 1095 502 ΛΓ,
1118 419 1174 483 καί

153 522 222 589 ἐστι
244 520 282 590 τὸ
306 519 372 590 ὑπὸ
396 527 465 591 τῶν
488 529 593 591 ΑΒΓ
611 520 649 591 τὸ
669 528 746 608 ΓΕ,
770 520 809 590 τὸ
831 520 897 609 ἄρα
920 528 985 590 ΓΕ
1006 529 1085 590 ἴσον
1106 521 1171 591 ἐστὶ

152 639 197 722 τῷ
223 635 294 696 ΡΣ.
335 628 577 716 τετραπλάσιον
601 628 639 697 δὲ
661 625 700 697 τὸ
718 635 785 695 ΡΣ
804 632 866 697 τοῦ
890 635 969 696 ΖΗ·
992 626 1172 715 τετραπλά-

118 754 230 804 σσιον
258 735 323 822 ἄρα
351 737 407 804 καὶ
430 733 467 804 τὸ
491 741 556 805 ΓΕ
576 740 637 804 τοῦ
662 742 737 804 ΖΗ.
781 734 884 804 πάλιν
908 734 979 804 ἐπεὶ
1002 742 1058 821 ἴση
1085 733 1171 803 ἐστὶν

153 840 174 929 ἡ
200 850 266 912 ΑΔ
287 847 327 932 τῇ
352 847 429 928 ΔΓ,
453 850 508 930 ἴση
533 843 601 911 ἐστὶ
624 841 681 910 καὶ
703 839 812 927 η’ΘΚ
833 844 873 930 τῇ
897 848 972 910 KZ.
1009 838 1172 908 ὥστεκαὶ

153 947 190 1016 τὸ
212 954 279 1015 ΗΖ
302 949 512 1036 τετράγωνον
536 956 612 1016 ἴσον
631 947 701 1017 ἐστὶ
723 950 769 1039 τῷ
789 953 854 1015 ΘΛ
876 946 1084 1038 τετραγώνῳ.
1120 954 1171 1033 ἴση

154 1050 258 1141 ἅραὴ
279 1060 353 1121 HK
368 1063 409 1142 τῇ
428 1058 508 1138 ΚΛ,
526 1053 697 1121 τουτέστιν
716 1051 737 1138 ἡ
761 1058 840 1119 ΜΝ
853 1055 893 1140 τῇ
912 1058 994 1118 ΝΕ·
1014 1049 1102 1121 ὥστε
1119 1052 1173 1120 καὶ

154 1158 190 1229 τὸ
222 1167 293 1229 ΜΖ
324 1163 369 1252 τῷ
400 1166 465 1226 ΖΕ
490 1160 582 1227 ἐστιν
615 1167 700 1227 ἴσον.
751 1156 836 1227 ἀλλὰ
864 1155 903 1226 τὸ
930 1165 1004 1226 ΜΖ
1030 1169 1078 1251 τῷ
1109 1165 1174 1227 ΓΗ

102 1287 135 1336 10
155 1269 245 1335 ἐστιν
264 1273 354 1334 ἴσον·
377 1266 433 1334 καὶ
451 1263 490 1333 τὸ
509 1271 581 1335 ΓΗ
595 1263 660 1352 ἄρα
678 1268 724 1358 τῷ
745 1272 810 1332 ΖΕ
827 1268 917 1334 ἐστιν
937 1273 1023 1333 ἴσον.
1055 1263 1174 1334 κοινὸν

154 1376 366 1459 προσκείσθω
393 1369 432 1440 τὸ
457 1378 537 1442 ΓΝ·
567 1369 584 1441 ὁ
615 1371 681 1459 ἄρα
704 1375 811 1450 ΞΟΠ
834 1370 980 1460 γνώμων
1007 1379 1081 1451 ἶσος
1106 1371 1173 1441 ἐστὶ

56 1471 59 1476 ’
154 1482 200 1568 τῷ
224 1484 294 1546 ΓΕ.
336 1475 420 1546 ἀλλὰ
442 1475 480 1546 τὸ
501 1483 566 1546 ΓΕ
586 1478 828 1567 τετραπλάσιον
852 1481 988 1566 ἐδείχθη
1012 1489 1074 1546 τοῦ
1094 1485 1175 1546 ΗΖ·

155 1584 209 1652 καὶ
238 1581 256 1652 ὁ
281 1586 388 1661 ΞΟΠ
411 1582 477 1674 ἄρα
498 1583 644 1672 γνώμων
667 1583 906 1672 τετραπλάσιός
928 1587 997 1653 ε’στι
1020 1587 1082 1653 τοῦ
1109 1591 1179 1654 ΖΗ

155 1689 374 1779 τετραγώνου.
411 1687 425 1759 ἱ
452 1692 558 1767 ΞΟΠ
580 1688 646 1779 ἄρα
669 1688 814 1777 γνώμων
837 1690 893 1758 καὶ
916 1688 953 1758 τὸ
974 1697 1047 1758 ΖΗ
1064 1690 1176 1779 τετρά-

103 1817 135 1866 15
153 1822 267 1882 γωνον
300 1796 543 1877 πενταπλάσιός
574 1798 642 1865 ἐστι
674 1801 736 1865 τοῦ
770 1804 846 1865 ΖΗ.
903 1793 987 1865 ἄλλα
1021 1795 1040 1865 ὁ
1070 1799 1180 1874 ΞΟΠ

154 1903 300 1991 γνώμων
331 1903 388 1970 καὶ
419 1901 456 1971 τὸ
487 1910 558 1971 ΖΗ
585 1900 800 1991 τετράγωνόν
827 1905 897 1971 ἐστι
923 1899 961 1971 τὸ
990 1910 1073 1971 ΔΝ.
1120 1907 1179 1972 καί

156 2012 224 2077 ἐστι
247 2009 285 2078 τὸ
309 2009 371 2097 μὲν
395 2017 472 2078 ΔΝ
491 2007 529 2078 τὸ
553 2006 619 2078 ἀπὸ
643 2012 702 2096 της
725 2016 806 2093 ΔΒ,
829 2008 868 2077 τὸ
893 2008 931 2078 δὲ
953 2016 1020 2077 ΗΖ
1044 2007 1083 2078 τὸ
1108 2007 1175 2079 ἀπὸ

155 2119 214 2202 τῆς
234 2121 308 2183 ΔΓ.
349 2113 387 2184 τὸ
411 2114 477 2201 ἄρα
500 2113 565 2183 ἀπὸ
589 2119 647 2202 τῆς
665 2123 732 2183 ΔΒ
750 2115 1000 2184 πενταπλάσιόν
1019 2118 1090 2184 ἐστι
1115 2128 1176 2186 τοῦ

66 2254 68 2259 ·
156 2218 221 2290 ἀπὸ
246 2225 305 2308 της
327 2227 406 2289 ΔΓ·
431 2220 512 2309 ὅπερ
537 2226 604 2290 ἔδει
628 2224 746 2303 δεῖξαι.

103 2432 138 2484 νο
644 2416 688 2484 δ’.

221 2537 310 2606 Ἐὰν
333 2537 473 2607 εὐθεῖα
496 2539 652 2628 γραμμὴ
675 2539 800 2628 ἄκρον
822 2541 887 2608 καὶ
910 2541 1032 2629 μέσον
1052 2541 1176 2628 λόγον

156 2649 303 2734 τμηθῇ,
322 2645 364 2715 τὸ
384 2645 457 2715 ἀπὸ
475 2651 544 2734 τῆς
563 2645 656 2734 ὅλης
674 2647 738 2714 καὶ
756 2651 826 2716 τοῦ
846 2649 1064 2729 ἐλάσσονος
1082 2649 1176 2736 τμή-

156 2778 293 2839 ματος,
315 2750 360 2820 τά
386 2751 669 2839 συναμφότερα
692 2752 936 2843 τετράγωνα,
959 2754 1177 2841 τριπλάσιά

157 2861 240 2927 ἐστι
272 2861 341 2926 τοῦ
375 2855 449 2927 ἀπὸ
481 2862 551 2926 τοῦ
583 2864 768 2946 μείζονος
798 2859 1003 2948 τμήματος
1039 2887 1176 2951 τετρα-

102 2945 352 3052 τσγώνου.’(”

215 3071 324 3140 Ἔστω
344 3069 462 3140 εὐθεῖα
480 3068 501 3159 ἡ
517 3079 598 3158 ΑΒ,
616 3073 672 3140 καὶ
690 3072 867 3161 τετμήσθω
882 3071 986 3161 ἄκρον
1000 3074 1056 3142 καὶ
1071 3076 1176 3164 μέσον

157 3179 261 3264 λόγον
291 3175 373 3246 κατὰ
405 3174 443 3246 τὸ
468 3183 506 3264 Γ,
541 3177 597 3246 καὶ
624 3183 708 3248 ἔστω
741 3186 854 3268 μεῖζον
886 3185 997 3269 τμῆμα
1029 3179 1067 3249 τὸ
1097 3187 1175 3251 ΑΓ·

232 3432 254 3480 1.
275 3428 325 3480 ΓΔ
342 3425 376 3481 V.
458 3431 484 3480 3.
503 3426 572 3497 τῶν]
591 3427 629 3482 τῶ
648 3430 675 3484 b.
748 3429 816 3486 Post
833 3429 911 3500 prius
932 3433 986 3484 ΓΕ
1005 3429 1069 3486 add.
1089 3427 1122 3485 τὸ
1142 3431 1175 3488 δὲ

205 3490 213 3511 “
234 3495 286 3565 τῆς
303 3500 360 3551 ΑΓ
374 3493 407 3550 τὸ
426 3497 474 3567 (τῶ
489 3496 525 3564 V)
540 3498 695 3570 szbq,
714 3499 737 3552 Β
755 3519 792 3558 m.
807 3507 833 3556 2.
887 3497 919 3556 τὸ
939 3497 997 3572 ἄρα
1012 3532 1046 3542 -
1062 3507 1088 3559 4.
1108 3504 1175 3575 ΡΣ]

70 3420 241 3724 Ὗ)
270 3605 565 3743 aza-w·
602 3617 671 3682 0·
705 3587 1139 3710 συνὲν*
