<?xml version="1.0" encoding="UTF-8"?>
<!DOCTYPE html PUBLIC "-//W3C//DTD XHTML 1.0 Transitional//EN"
    "http://www.w3.org/TR/xhtml1/DTD/xhtml1-transitional.dtd">
<html xmlns="http://www.w3.org/1999/xhtml" xml:lang="en" lang="en">
 <head>
  <title>
</title>
<meta http-equiv="Content-Type" content="text/html;charset=utf-8" />
  <meta name='ocr-system' content='tesseract 3.04.00' />
  <meta name='ocr-capabilities' content='ocr_page ocr_carea ocr_par ocr_line ocrx_word'/>
</head>
<body>
  <div class='ocr_page' id='page_1' title='image "./euclidisoperaom00unkngoog_0313.png"; bbox 0 0 2468 3952; ppageno 0'>
   <div class='ocr_carea' id='block_1_1' title="bbox 160 211 801 284">
    <p class='ocr_par' dir='ltr' id='par_1_1' title="bbox 160 211 801 284">
     <span class='ocr_line' id='line_1_1' title="bbox 160 211 801 284; baseline 0.002 -17"><span class='ocrx_word' id='word_1_1' title='bbox 160 215 225 279; x_wconf 77' lang='grc'><strong><em>298</em></strong></span> <span class='ocrx_word' id='word_1_2' title='bbox 533 216 734 268; x_wconf 80' lang='grc' dir='ltr'>ΣΤΟΙΧΕΙΩΝ</span> <span class='ocrx_word' id='word_1_3' title='bbox 753 211 801 284; x_wconf 88' lang='grc' dir='ltr'><strong><em>ιγ’.</em></strong></span> 
     </span>
    </p>
   </div>
   <div class='ocr_carea' id='block_1_2' title="bbox 56 351 1189 3310">
    <p class='ocr_par' dir='ltr' id='par_1_2' title="bbox 159 351 1176 763">
     <span class='ocr_line' id='line_1_2' title="bbox 159 351 1176 446; baseline -0.003 -22"><span class='ocrx_word' id='word_1_4' title='bbox 159 367 218 442; x_wconf 82' lang='grc' dir='ltr'><strong><em>τῆς</em></strong></span> <span class='ocrx_word' id='word_1_5' title='bbox 242 363 320 423; x_wconf 88' lang='grc' dir='ltr'><strong><em>ΕΚ·</em></strong></span> <span class='ocrx_word' id='word_1_6' title='bbox 348 355 385 424; x_wconf 87' lang='grc' dir='ltr'><strong><em>τὸ</em></strong></span> <span class='ocrx_word' id='word_1_7' title='bbox 413 354 567 444; x_wconf 84' lang='grc' dir='ltr'><strong><em>άραάπὸ</em></strong></span> <span class='ocrx_word' id='word_1_8' title='bbox 594 359 653 442; x_wconf 77' lang='grc' dir='ltr'><strong><em>τῆς</em></strong></span> <span class='ocrx_word' id='word_1_9' title='bbox 676 363 743 423; x_wconf 91' lang='grc' dir='ltr'><strong><em>ΛΕ</em></strong></span> <span class='ocrx_word' id='word_1_10' title='bbox 765 364 841 423; x_wconf 76' lang='grc' dir='ltr'><strong><em>ἴσον</em></strong></span> <span class='ocrx_word' id='word_1_11' title='bbox 869 356 938 423; x_wconf 78' lang='grc' dir='ltr'><strong><em>ἐστὶ</em></strong></span> <span class='ocrx_word' id='word_1_12' title='bbox 961 365 1008 446; x_wconf 67' lang='grc' dir='ltr'><strong><em>τω*</em></strong></span> <span class='ocrx_word' id='word_1_13' title='bbox 1033 351 1101 422; x_wconf 86' lang='grc' dir='ltr'><strong><em>άπὸ</em></strong></span> <span class='ocrx_word' id='word_1_14' title='bbox 1123 357 1176 440; x_wconf 77' lang='grc' dir='ltr'><strong><em>τῆς</em></strong></span> 
     </span>
     <span class='ocr_line' id='line_1_3' title="bbox 161 457 1174 551; baseline -0.003 -21"><span class='ocrx_word' id='word_1_15' title='bbox 161 470 235 530; x_wconf 90' lang='grc' dir='ltr'><strong><em>ΕΘ·</em></strong></span> <span class='ocrx_word' id='word_1_16' title='bbox 260 471 314 547; x_wconf 91' lang='grc' dir='ltr'><strong><em>ίση</em></strong></span> <span class='ocrx_word' id='word_1_17' title='bbox 344 461 410 549; x_wconf 89' lang='grc' dir='ltr'><strong><em>άρα</em></strong></span> <span class='ocrx_word' id='word_1_18' title='bbox 437 464 528 531; x_wconf 78' lang='grc' dir='ltr'><strong><em>ἐστὶν</em></strong></span> <span class='ocrx_word' id='word_1_19' title='bbox 555 460 576 550; x_wconf 78' lang='grc' dir='ltr'><em>ἡ</em></span> <span class='ocrx_word' id='word_1_20' title='bbox 603 469 670 530; x_wconf 90' lang='grc' dir='ltr'><strong><em>ΛΕ</em></strong></span> <span class='ocrx_word' id='word_1_21' title='bbox 690 466 730 551; x_wconf 77' lang='grc' dir='ltr'><strong><em>τῇ</em></strong></span> <span class='ocrx_word' id='word_1_22' title='bbox 754 470 826 530; x_wconf 92' lang='grc' dir='ltr'><strong><em>ΕΘ.</em></strong></span> <span class='ocrx_word' id='word_1_23' title='bbox 877 464 934 529; x_wconf 86' lang='grc' dir='ltr'><strong><em>διδι</em></strong></span> <span class='ocrx_word' id='word_1_24' title='bbox 961 459 1003 528; x_wconf 80' lang='grc' dir='ltr'><strong><em>τοὶ</em></strong></span> <span class='ocrx_word' id='word_1_25' title='bbox 1028 457 1115 528; x_wconf 79' lang='grc' dir='ltr'><strong><em>αὐτὰ</em></strong></span> <span class='ocrx_word' id='word_1_26' title='bbox 1138 458 1174 544; x_wconf 79' lang='grc' dir='ltr'><strong><em>δη</em></strong></span> 
     </span>
     <span class='ocr_line' id='line_1_4' title="bbox 160 563 1173 656; baseline -0.003 -20"><span class='ocrx_word' id='word_1_27' title='bbox 160 566 259 655; x_wconf 82' lang='grc' dir='ltr'><strong><em>καὶὴ</em></strong></span> <span class='ocrx_word' id='word_1_28' title='bbox 285 576 350 636; x_wconf 94' lang='grc' dir='ltr'><strong><em>ΛΘ</em></strong></span> <span class='ocrx_word' id='word_1_29' title='bbox 371 573 410 656; x_wconf 78' lang='grc' dir='ltr'><strong><em>τῇ</em></strong></span> <span class='ocrx_word' id='word_1_30' title='bbox 435 576 500 636; x_wconf 87' lang='grc' dir='ltr'><strong><em>ΘΕ</em></strong></span> <span class='ocrx_word' id='word_1_31' title='bbox 521 571 613 637; x_wconf 84' lang='grc' dir='ltr'><strong><em>ἐστιν</em></strong></span> <span class='ocrx_word' id='word_1_32' title='bbox 636 577 706 655; x_wconf 88' lang='grc' dir='ltr'><strong><em>ίση·</em></strong></span> <span class='ocrx_word' id='word_1_33' title='bbox 731 567 932 655; x_wconf 78' lang='grc' dir='ltr'><strong><em>ἰσόπλευρον</em></strong></span> <span class='ocrx_word' id='word_1_34' title='bbox 957 566 1024 655; x_wconf 78' lang='grc' dir='ltr'><strong><em>ἄρα</em></strong></span> <span class='ocrx_word' id='word_1_35' title='bbox 1049 566 1120 635; x_wconf 80' lang='grc' dir='ltr'><strong><em>ἐστὶ</em></strong></span> <span class='ocrx_word' id='word_1_36' title='bbox 1141 563 1173 633; x_wconf 86' lang='grc' dir='ltr'><strong><em>τὸ</em></strong></span> 
     </span>
     <span class='ocr_line' id='line_1_5' title="bbox 161 672 1175 763; baseline -0.001 -21"><span class='ocrx_word' id='word_1_37' title='bbox 161 682 259 743; x_wconf 91' lang='grc' dir='ltr'><strong><em>ΛΕΘ</em></strong></span> <span class='ocrx_word' id='word_1_38' title='bbox 281 680 456 763; x_wconf 88' lang='grc' dir='ltr'><strong><em>τρίγωνον.</em></strong></span> <span class='ocrx_word' id='word_1_39' title='bbox 494 672 618 762; x_wconf 85' lang='grc' dir='ltr'><strong><em>ὁμοίως</em></strong></span> <span class='ocrx_word' id='word_1_40' title='bbox 641 677 683 763; x_wconf 80' lang='grc' dir='ltr'><strong><em>δὴ</em></strong></span> <span class='ocrx_word' id='word_1_41' title='bbox 703 678 867 762; x_wconf 70' lang='grc' dir='ltr'><strong><em>δειξομεν,</em></strong></span> <span class='ocrx_word' id='word_1_42' title='bbox 891 673 942 743; x_wconf 87' lang='grc' dir='ltr'><strong><em>ὅτι</em></strong></span> <span class='ocrx_word' id='word_1_43' title='bbox 960 674 1017 741; x_wconf 80' lang='grc' dir='ltr'><strong><em>καὶ</em></strong></span> <span class='ocrx_word' id='word_1_44' title='bbox 1038 675 1175 741; x_wconf 80' lang='grc' dir='ltr'><strong><em>ἕκαστον</em></strong></span> 
     </span>
    </p>

    <p class='ocr_par' dir='ltr' id='par_1_3' title="bbox 126 773 1188 1187">
     <span class='ocr_line' id='line_1_6' title="bbox 126 773 1176 869; baseline 0 -23"><span class='ocrx_word' id='word_1_45' title='bbox 126 793 228 851; x_wconf 78' lang='grc' dir='ltr'><strong><em>στών</em></strong></span> <span class='ocrx_word' id='word_1_46' title='bbox 256 790 383 850; x_wconf 78' lang='grc' dir='ltr'><strong><em>λοιπῶν</em></strong></span> <span class='ocrx_word' id='word_1_47' title='bbox 410 788 601 868; x_wconf 82' lang='grc' dir='ltr'><strong><em>τριγώνων,</em></strong></span> <span class='ocrx_word' id='word_1_48' title='bbox 631 773 681 850; x_wconf 87' lang='grc' dir='ltr'><strong><em>ών</em></strong></span> <span class='ocrx_word' id='word_1_49' title='bbox 709 782 823 869; x_wconf 80' lang='grc' dir='ltr'><em>βάσεις</em></span> <span class='ocrx_word' id='word_1_50' title='bbox 850 782 911 867; x_wconf 83' lang='grc' dir='ltr'><strong><em>μέν</em></strong></span> <span class='ocrx_word' id='word_1_51' title='bbox 939 785 1028 848; x_wconf 88' lang='grc' dir='ltr'><strong><em>είσιν</em></strong></span> <span class='ocrx_word' id='word_1_52' title='bbox 1057 783 1097 846; x_wconf 88' lang='grc' dir='ltr'><strong><em>αί</em></strong></span> <span class='ocrx_word' id='word_1_53' title='bbox 1121 781 1176 847; x_wconf 85' lang='grc' dir='ltr'><strong><em>τοῦ</em></strong></span> 
     </span>
     <span class='ocr_line' id='line_1_7' title="bbox 160 884 1178 976; baseline -0.004 -20"><span class='ocrx_word' id='word_1_54' title='bbox 160 895 298 956; x_wconf 88' lang='grc' dir='ltr'><strong><em>ΕΖΗΘ</em></strong></span> <span class='ocrx_word' id='word_1_55' title='bbox 324 888 536 976; x_wconf 76' lang='grc' dir='ltr'><strong><em>τετραγώνου</em></strong></span> <span class='ocrx_word' id='word_1_56' title='bbox 563 894 719 976; x_wconf 89' lang='grc' dir='ltr'><strong><em>πλευραί,</em></strong></span> <span class='ocrx_word' id='word_1_57' title='bbox 746 888 894 975; x_wconf 82' lang='grc' dir='ltr'><strong><em>κορυφαὶ</em></strong></span> <span class='ocrx_word' id='word_1_58' title='bbox 923 886 960 964; x_wconf 68' lang='grc' dir='ltr'><strong><em>δὲ</em></strong></span> <span class='ocrx_word' id='word_1_59' title='bbox 987 884 1030 954; x_wconf 80' lang='grc' dir='ltr'><strong><em>τά</em></strong></span> <span class='ocrx_word' id='word_1_60' title='bbox 1059 893 1109 972; x_wconf 90' lang='lat' dir='ltr'><strong><em>A,</em></strong></span> <span class='ocrx_word' id='word_1_61' title='bbox 1140 891 1178 952; x_wconf 87' lang='grc' dir='ltr'><strong>Μ</strong></span> 
     </span>
     <span class='ocr_line' id='line_1_8' title="bbox 161 991 1188 1082; baseline -0.003 -20"><span class='ocrx_word' id='word_1_62' title='bbox 161 1009 295 1082; x_wconf 78' lang='grc' dir='ltr'><strong><em>σημεῖα,</em></strong></span> <span class='ocrx_word' id='word_1_63' title='bbox 325 994 526 1081; x_wconf 85' lang='grc' dir='ltr'><strong><em>ἰσόπλευρόν</em></strong></span> <span class='ocrx_word' id='word_1_64' title='bbox 549 998 653 1063; x_wconf 77' lang='grc' dir='ltr'><strong><em>ἐστιν·</em></strong></span> <span class='ocrx_word' id='word_1_65' title='bbox 681 991 866 1081; x_wconf 77' lang='grc' dir='ltr'><strong><em>ὀκτάεδρον</em></strong></span> <span class='ocrx_word' id='word_1_66' title='bbox 888 991 955 1082; x_wconf 84' lang='grc' dir='ltr'><strong><em>άρα</em></strong></span> <span class='ocrx_word' id='word_1_67' title='bbox 979 993 1188 1060; x_wconf 85' lang='grc' dir='ltr'><strong><em>συνέσταται.</em></strong></span> 
     </span>
     <span class='ocr_line' id='line_1_9' title="bbox 161 1099 1040 1187; baseline 0 -18"><span class='ocrx_word' id='word_1_68' title='bbox 161 1099 225 1169; x_wconf 85' lang='grc' dir='ltr'><strong><em>ὑπὸ</em></strong></span> <span class='ocrx_word' id='word_1_69' title='bbox 250 1099 336 1170; x_wconf 84' lang='grc' dir='ltr'><strong><em>ὀκτώ</em></strong></span> <span class='ocrx_word' id='word_1_70' title='bbox 359 1101 534 1187; x_wconf 75' lang='grc' dir='ltr'><strong><em>τριγώνων</em></strong></span> <span class='ocrx_word' id='word_1_71' title='bbox 558 1100 768 1187; x_wconf 77' lang='grc' dir='ltr'><strong><em>ἰσοπλεύρων</em></strong></span> <span class='ocrx_word' id='word_1_72' title='bbox 790 1099 1040 1187; x_wconf 88' lang='grc' dir='ltr'><strong><em>περιεχόμενον.</em></strong></span> 
     </span>
    </p>

    <p class='ocr_par' dir='ltr' id='par_1_4' title="bbox 228 1205 1176 1298">
     <span class='ocr_line' id='line_1_10' title="bbox 228 1205 1176 1298; baseline -0.001 -24"><span class='ocrx_word' id='word_1_73' title='bbox 228 1215 294 1274; x_wconf 79' lang='grc' dir='ltr'><strong><em>Δεῖ</em></strong></span> <span class='ocrx_word' id='word_1_74' title='bbox 321 1205 363 1294; x_wconf 79' lang='grc' dir='ltr'><strong><em>δὴ</em></strong></span> <span class='ocrx_word' id='word_1_75' title='bbox 392 1205 474 1276; x_wconf 82' lang='grc' dir='ltr'><strong><em>αὐτὸ</em></strong></span> <span class='ocrx_word' id='word_1_76' title='bbox 502 1208 558 1274; x_wconf 85' lang='grc' dir='ltr'><strong><em>καὶ</em></strong></span> <span class='ocrx_word' id='word_1_77' title='bbox 586 1213 714 1298; x_wconf 82' lang='grc' dir='ltr'><strong><em>σφαίρᾳ</em></strong></span> <span class='ocrx_word' id='word_1_78' title='bbox 742 1210 934 1294; x_wconf 77' lang='grc' dir='ltr'><strong><em>περιλαβεῖν</em></strong></span> <span class='ocrx_word' id='word_1_79' title='bbox 966 1208 1007 1294; x_wconf 73' lang='grc' dir='ltr'><strong><em>τῇ</em></strong></span> <span class='ocrx_word' id='word_1_80' title='bbox 1038 1209 1176 1292; x_wconf 75' lang='grc' dir='ltr'><strong><em>δοθείσῃ</em></strong></span> 
     </span>
    </p>

    <p class='ocr_par' dir='ltr' id='par_1_5' title="bbox 111 1311 1178 1508">
     <span class='ocr_line' id='line_1_11' title="bbox 111 1311 1178 1401; baseline 0.001 -24"><span class='ocrx_word' id='word_1_81' title='bbox 111 1327 142 1376; x_wconf 86' lang='grc'><strong><em>10</em></strong></span> <span class='ocrx_word' id='word_1_82' title='bbox 160 1314 215 1380; x_wconf 82' lang='grc' dir='ltr'><strong><em>καὶ</em></strong></span> <span class='ocrx_word' id='word_1_83' title='bbox 239 1316 359 1399; x_wconf 84' lang='grc' dir='ltr'><strong><em>δείξαι,</em></strong></span> <span class='ocrx_word' id='word_1_84' title='bbox 388 1312 439 1382; x_wconf 86' lang='grc' dir='ltr'><strong><em>ὅτι</em></strong></span> <span class='ocrx_word' id='word_1_85' title='bbox 466 1311 487 1400; x_wconf 78' lang='grc' dir='ltr'><em>ἡ</em></span> <span class='ocrx_word' id='word_1_86' title='bbox 510 1317 569 1399; x_wconf 81' lang='grc' dir='ltr'><strong><em>της</em></strong></span> <span class='ocrx_word' id='word_1_87' title='bbox 597 1319 742 1401; x_wconf 82' lang='grc' dir='ltr'><strong><em>σφαίρας</em></strong></span> <span class='ocrx_word' id='word_1_88' title='bbox 764 1312 941 1399; x_wconf 90' lang='grc' dir='ltr'><strong><em>διάμετρος</em></strong></span> <span class='ocrx_word' id='word_1_89' title='bbox 965 1311 1112 1398; x_wconf 76' lang='grc' dir='ltr'><strong><em>δυνάμει</em></strong></span> <span class='ocrx_word' id='word_1_90' title='bbox 1135 1314 1178 1378; x_wconf 88' lang='grc' dir='ltr'><strong><em>δι·</em></strong></span> 
     </span>
     <span class='ocr_line' id='line_1_12' title="bbox 164 1417 955 1508; baseline 0 -24"><span class='ocrx_word' id='word_1_91' title='bbox 164 1424 315 1485; x_wconf 88' lang='grc' dir='ltr'><strong><em>πλασίων</em></strong></span> <span class='ocrx_word' id='word_1_92' title='bbox 339 1420 407 1487; x_wconf 79' lang='grc' dir='ltr'><strong><em>ἐστὶ</em></strong></span> <span class='ocrx_word' id='word_1_93' title='bbox 429 1424 488 1506; x_wconf 79' lang='grc' dir='ltr'><strong><em>τῆς</em></strong></span> <span class='ocrx_word' id='word_1_94' title='bbox 510 1424 572 1488; x_wconf 87' lang='grc' dir='ltr'><strong><em>τοῦ</em></strong></span> <span class='ocrx_word' id='word_1_95' title='bbox 595 1417 779 1508; x_wconf 81' lang='grc' dir='ltr'><strong><em>ὀκταέδρου</em></strong></span> <span class='ocrx_word' id='word_1_96' title='bbox 801 1422 955 1507; x_wconf 85' lang='grc' dir='ltr'><strong><em>πλευρᾶς.</em></strong></span> 
     </span>
    </p>

    <p class='ocr_par' dir='ltr' id='par_1_6' title="bbox 159 1521 1178 1824">
     <span class='ocr_line' id='line_1_13' title="bbox 224 1521 1177 1615; baseline 0 -24"><span class='ocrx_word' id='word_1_97' title='bbox 224 1525 312 1592; x_wconf 84' lang='grc' dir='ltr'><strong><em>Ἐπεὶ</em></strong></span> <span class='ocrx_word' id='word_1_98' title='bbox 340 1524 404 1612; x_wconf 87' lang='grc' dir='ltr'><strong><em>γὰρ</em></strong></span> <span class='ocrx_word' id='word_1_99' title='bbox 432 1528 470 1593; x_wconf 66' lang='grc' dir='ltr'><strong><em>αι’</em></strong></span> <span class='ocrx_word' id='word_1_100' title='bbox 494 1539 582 1615; x_wconf 75' lang='grc' dir='ltr'><strong><em>τρεῖς</em></strong></span> <span class='ocrx_word' id='word_1_101' title='bbox 605 1528 643 1593; x_wconf 84' lang='grc' dir='ltr'><strong><em>αί</em></strong></span> <span class='ocrx_word' id='word_1_102' title='bbox 664 1531 747 1611; x_wconf 89' lang='lat' dir='ltr'><strong><em>AK,</em></strong></span> <span class='ocrx_word' id='word_1_103' title='bbox 775 1531 866 1611; x_wconf 83' lang='lat' dir='ltr'><strong><em>KM,</em></strong></span> <span class='ocrx_word' id='word_1_104' title='bbox 894 1529 963 1592; x_wconf 88' lang='grc' dir='ltr'><strong><em>ΚΕ</em></strong></span> <span class='ocrx_word' id='word_1_105' title='bbox 984 1531 1057 1591; x_wconf 87' lang='grc' dir='ltr'><strong><em>ίσαι</em></strong></span> <span class='ocrx_word' id='word_1_106' title='bbox 1080 1521 1177 1609; x_wconf 77' lang='grc' dir='ltr'><strong><em>άλλη-</em></strong></span> 
     </span>
     <span class='ocr_line' id='line_1_14' title="bbox 161 1627 1178 1719; baseline -0.002 -20"><span class='ocrx_word' id='word_1_107' title='bbox 161 1639 234 1712; x_wconf 93' lang='grc' dir='ltr'><strong><em>λαις</em></strong></span> <span class='ocrx_word' id='word_1_108' title='bbox 263 1636 364 1717; x_wconf 85' lang='grc' dir='ltr'><strong><em>εἰσίν,</em></strong></span> <span class='ocrx_word' id='word_1_109' title='bbox 393 1630 431 1699; x_wconf 87' lang='grc' dir='ltr'><strong><em>τὸ</em></strong></span> <span class='ocrx_word' id='word_1_110' title='bbox 460 1633 525 1719; x_wconf 78' lang='grc' dir='ltr'><strong><em>ἄρα</em></strong></span> <span class='ocrx_word' id='word_1_111' title='bbox 553 1633 606 1700; x_wconf 79' lang='grc' dir='ltr'><strong><em>ἐπὶ</em></strong></span> <span class='ocrx_word' id='word_1_112' title='bbox 633 1643 692 1719; x_wconf 77' lang='grc' dir='ltr'><strong><em>τῆς</em></strong></span> <span class='ocrx_word' id='word_1_113' title='bbox 715 1639 799 1699; x_wconf 98' lang='lat' dir='ltr'><strong><em>AM</em></strong></span> <span class='ocrx_word' id='word_1_114' title='bbox 820 1629 1040 1719; x_wconf 83' lang='grc' dir='ltr'><strong><em>γραφόμενον</em></strong></span> <span class='ocrx_word' id='word_1_115' title='bbox 1062 1627 1178 1717; x_wconf 79' lang='grc' dir='ltr'><strong><em>ἡμικύ</em></strong></span> 
     </span>
     <span class='ocr_line' id='line_1_15' title="bbox 159 1733 1178 1824; baseline -0.002 -18"><span class='ocrx_word' id='word_1_116' title='bbox 159 1747 255 1807; x_wconf 89' lang='grc' dir='ltr'><strong><em>κλιον</em></strong></span> <span class='ocrx_word' id='word_1_117' title='bbox 287 1737 357 1824; x_wconf 79' lang='grc' dir='ltr'><strong><em>ἥξει</em></strong></span> <span class='ocrx_word' id='word_1_118' title='bbox 388 1740 444 1806; x_wconf 84' lang='grc' dir='ltr'><strong><em>καὶ</em></strong></span> <span class='ocrx_word' id='word_1_119' title='bbox 475 1741 532 1806; x_wconf 83' lang='grc' dir='ltr'><strong><em>διὰ</em></strong></span> <span class='ocrx_word' id='word_1_120' title='bbox 560 1749 622 1807; x_wconf 88' lang='grc' dir='ltr'><strong><em>τοῦ</em></strong></span> <span class='ocrx_word' id='word_1_121' title='bbox 650 1745 689 1806; x_wconf 93' lang='grc' dir='ltr'><strong><em>Ε.</em></strong></span> <span class='ocrx_word' id='word_1_122' title='bbox 742 1739 798 1805; x_wconf 80' lang='grc' dir='ltr'><strong><em>καὶ</em></strong></span> <span class='ocrx_word' id='word_1_123' title='bbox 831 1736 887 1805; x_wconf 84' lang='grc' dir='ltr'><strong><em>διὰ</em></strong></span> <span class='ocrx_word' id='word_1_124' title='bbox 915 1737 955 1804; x_wconf 85' lang='grc' dir='ltr'><strong><em>τδι</em></strong></span> <span class='ocrx_word' id='word_1_125' title='bbox 983 1733 1085 1821; x_wconf 86' lang='grc' dir='ltr'><strong><em>αὐτά,</em></strong></span> <span class='ocrx_word' id='word_1_126' title='bbox 1121 1733 1178 1804; x_wconf 79' lang='grc' dir='ltr'><strong><em>ἐὰν</em></strong></span> 
     </span>
    </p>

    <p class='ocr_par' dir='ltr' id='par_1_7' title="bbox 56 1840 1189 3310">
     <span class='ocr_line' id='line_1_16' title="bbox 109 1840 1178 1940; baseline 0.002 -33"><span class='ocrx_word' id='word_1_127' title='bbox 109 1856 142 1907; x_wconf 81' lang='grc' dir='ltr'><strong><em>1ο</em></strong></span> <span class='ocrx_word' id='word_1_128' title='bbox 161 1846 327 1933; x_wconf 86' lang='grc' dir='ltr'><strong><em>μενούσης</em></strong></span> <span class='ocrx_word' id='word_1_129' title='bbox 353 1848 412 1931; x_wconf 77' lang='grc' dir='ltr'><strong><em>τῆς</em></strong></span> <span class='ocrx_word' id='word_1_130' title='bbox 435 1851 516 1911; x_wconf 95' lang='lat' dir='ltr'><strong><em>AM</em></strong></span> <span class='ocrx_word' id='word_1_131' title='bbox 537 1845 753 1940; x_wconf 70' lang='grc' dir='ltr'><strong><em>περιενεχθὲν</em></strong></span> <span class='ocrx_word' id='word_1_132' title='bbox 780 1842 817 1912; x_wconf 88' lang='grc' dir='ltr'><strong><em>τὸ</em></strong></span> <span class='ocrx_word' id='word_1_133' title='bbox 846 1841 1047 1931; x_wconf 81' lang='grc' dir='ltr'><strong><em>ἡμικύκλιον</em></strong></span> <span class='ocrx_word' id='word_1_134' title='bbox 1071 1845 1121 1922; x_wconf 89' lang='grc' dir='ltr'><strong><em>είς</em></strong></span> <span class='ocrx_word' id='word_1_135' title='bbox 1141 1840 1178 1910; x_wconf 87' lang='grc' dir='ltr'><strong><em>τὸ</em></strong></span> 
     </span>
     <span class='ocr_line' id='line_1_17' title="bbox 161 1946 1178 2040; baseline -0.003 -21"><span class='ocrx_word' id='word_1_136' title='bbox 161 1950 243 2021; x_wconf 82' lang='grc' dir='ltr'><strong><em>αὐτὸ</em></strong></span> <span class='ocrx_word' id='word_1_137' title='bbox 267 1949 543 2039; x_wconf 70' lang='grc' dir='ltr'><strong><em>ἀποκατασταθῇ,</em></strong></span> <span class='ocrx_word' id='word_1_138' title='bbox 572 1948 657 2020; x_wconf 86' lang='grc' dir='ltr'><strong><em>ὅθεν</em></strong></span> <span class='ocrx_word' id='word_1_139' title='bbox 679 1949 802 2037; x_wconf 77' lang='grc' dir='ltr'><strong><em>ἤρξατο</em></strong></span> <span class='ocrx_word' id='word_1_140' title='bbox 826 1950 1006 2037; x_wconf 80' lang='grc' dir='ltr'><strong><em>φέρεσθαι,</em></strong></span> <span class='ocrx_word' id='word_1_141' title='bbox 1028 1946 1105 2040; x_wconf 29' lang='grc' dir='ltr'><strong><em>ἥξει,</em></strong></span> <span class='ocrx_word' id='word_1_142' title='bbox 1123 1948 1178 2017; x_wconf 83' lang='grc' dir='ltr'><strong><em>καὶ</em></strong></span> 
     </span>
     <span class='ocr_line' id='line_1_18' title="bbox 161 2056 1179 2144; baseline -0.004 -18"><span class='ocrx_word' id='word_1_143' title='bbox 161 2062 217 2126; x_wconf 85' lang='grc' dir='ltr'><strong><em>διά</em></strong></span> <span class='ocrx_word' id='word_1_144' title='bbox 241 2062 308 2126; x_wconf 85' lang='grc' dir='ltr'><strong><em>τών</em></strong></span> <span class='ocrx_word' id='word_1_145' title='bbox 333 2065 376 2143; x_wconf 87' lang='grc' dir='ltr'><strong><em>Ζ,</em></strong></span> <span class='ocrx_word' id='word_1_146' title='bbox 400 2064 449 2142; x_wconf 90' lang='grc' dir='ltr'><strong><em>Η,</em></strong></span> <span class='ocrx_word' id='word_1_147' title='bbox 473 2064 502 2124; x_wconf 91' lang='grc' dir='ltr'>Θ</span> <span class='ocrx_word' id='word_1_148' title='bbox 526 2061 683 2143; x_wconf 86' lang='grc' dir='ltr'><strong><em>σημείων,</em></strong></span> <span class='ocrx_word' id='word_1_149' title='bbox 710 2056 766 2123; x_wconf 80' lang='grc' dir='ltr'><strong><em>καὶ</em></strong></span> <span class='ocrx_word' id='word_1_150' title='bbox 790 2061 881 2124; x_wconf 79' lang='grc' dir='ltr'><strong><em>ἔσται</em></strong></span> <span class='ocrx_word' id='word_1_151' title='bbox 905 2060 1034 2144; x_wconf 87' lang='grc' dir='ltr'><strong><em>σφαίρηι</em></strong></span> <span class='ocrx_word' id='word_1_152' title='bbox 1056 2079 1179 2144; x_wconf 88' lang='grc' dir='ltr'><strong><em>περιει-</em></strong></span> 
     </span>
     <span class='ocr_line' id='line_1_19' title="bbox 161 2160 1179 2252; baseline -0.004 -20"><span class='ocrx_word' id='word_1_153' title='bbox 161 2166 330 2251; x_wconf 80' lang='grc' dir='ltr'><strong><em>λημμένον</em></strong></span> <span class='ocrx_word' id='word_1_154' title='bbox 353 2164 392 2232; x_wconf 88' lang='grc' dir='ltr'><strong><em>τὸ</em></strong></span> <span class='ocrx_word' id='word_1_155' title='bbox 412 2161 605 2252; x_wconf 88' lang='grc' dir='ltr'><strong><em>ὀκτάεδρον.</em></strong></span> <span class='ocrx_word' id='word_1_156' title='bbox 637 2164 722 2250; x_wconf 80' lang='grc' dir='ltr'><strong><em>λέγω</em></strong></span> <span class='ocrx_word' id='word_1_157' title='bbox 742 2163 800 2248; x_wconf 81' lang='grc' dir='ltr'><strong><em>δή,</em></strong></span> <span class='ocrx_word' id='word_1_158' title='bbox 820 2160 872 2230; x_wconf 83' lang='grc' dir='ltr'><strong><em>ὅτι</em></strong></span> <span class='ocrx_word' id='word_1_159' title='bbox 890 2161 946 2228; x_wconf 82' lang='grc' dir='ltr'><strong><em>καὶ</em></strong></span> <span class='ocrx_word' id='word_1_160' title='bbox 964 2164 1004 2249; x_wconf 75' lang='grc' dir='ltr'><strong><em>τῇ</em></strong></span> <span class='ocrx_word' id='word_1_161' title='bbox 1025 2165 1179 2249; x_wconf 88' lang='grc' dir='ltr'><strong><em>δοθείση.</em></strong></span> 
     </span>
     <span class='ocr_line' id='line_1_20' title="bbox 161 2264 1178 2357; baseline -0.003 -19"><span class='ocrx_word' id='word_1_162' title='bbox 161 2269 231 2338; x_wconf 84' lang='grc' dir='ltr'><strong><em>ε’πεί</em></strong></span> <span class='ocrx_word' id='word_1_163' title='bbox 258 2268 322 2355; x_wconf 84' lang='grc' dir='ltr'><strong><em>γὰρ</em></strong></span> <span class='ocrx_word' id='word_1_164' title='bbox 350 2277 405 2354; x_wconf 85' lang='grc' dir='ltr'><strong><em>ίση</em></strong></span> <span class='ocrx_word' id='word_1_165' title='bbox 430 2270 520 2338; x_wconf 80' lang='grc' dir='ltr'><strong><em>ἐστὶν</em></strong></span> <span class='ocrx_word' id='word_1_166' title='bbox 542 2269 563 2355; x_wconf 81' lang='grc' dir='ltr'><em>ἡ</em></span> <span class='ocrx_word' id='word_1_167' title='bbox 589 2275 659 2336; x_wconf 91' lang='lat' dir='ltr'><strong><em>AK</em></strong></span> <span class='ocrx_word' id='word_1_168' title='bbox 683 2273 723 2357; x_wconf 76' lang='grc' dir='ltr'><strong><em>τῇ</em></strong></span> <span class='ocrx_word' id='word_1_169' title='bbox 746 2274 837 2352; x_wconf 90' lang='grc' dir='ltr'><strong><em>ΚΜ,</em></strong></span> <span class='ocrx_word' id='word_1_170' title='bbox 864 2265 955 2335; x_wconf 78' lang='grc' dir='ltr'><strong><em>κοινδ</em></strong></span> <span class='ocrx_word' id='word_1_171' title='bbox 989 2266 1028 2336; x_wconf 72' lang='grc' dir='ltr'><strong><em>δὲ</em></strong></span> <span class='ocrx_word' id='word_1_172' title='bbox 1050 2264 1072 2354; x_wconf 77' lang='grc' dir='ltr'><em>ἡ</em></span> <span class='ocrx_word' id='word_1_173' title='bbox 1095 2273 1178 2352; x_wconf 89' lang='grc' dir='ltr'><strong><em>ΚΕ,</em></strong></span> 
     </span>
     <span class='ocr_line' id='line_1_21' title="bbox 108 2370 1180 2463; baseline -0.002 -21"><span class='ocrx_word' id='word_1_174' title='bbox 108 2384 143 2434; x_wconf 78' lang='lat'><strong><em>20</em></strong></span> <span class='ocrx_word' id='word_1_175' title='bbox 161 2374 216 2442; x_wconf 82' lang='grc' dir='ltr'><strong><em>καὶ</em></strong></span> <span class='ocrx_word' id='word_1_176' title='bbox 239 2380 364 2461; x_wconf 87' lang='grc' dir='ltr'><strong><em>γωνίας</em></strong></span> <span class='ocrx_word' id='word_1_177' title='bbox 382 2373 491 2462; x_wconf 84' lang='grc' dir='ltr'><strong><em>ὀρθὰς</em></strong></span> <span class='ocrx_word' id='word_1_178' title='bbox 508 2376 732 2463; x_wconf 83' lang='grc' dir='ltr'><strong><em>περιέχουσιν,</em></strong></span> <span class='ocrx_word' id='word_1_179' title='bbox 756 2373 853 2461; x_wconf 81' lang='grc' dir='ltr'><strong><em>βάσις</em></strong></span> <span class='ocrx_word' id='word_1_180' title='bbox 872 2372 938 2462; x_wconf 80' lang='grc' dir='ltr'><strong><em>ἄρα</em></strong></span> <span class='ocrx_word' id='word_1_181' title='bbox 956 2370 977 2459; x_wconf 77' lang='grc' dir='ltr'><em>ἡ</em></span> <span class='ocrx_word' id='word_1_182' title='bbox 998 2378 1066 2440; x_wconf 91' lang='grc' dir='ltr'><strong><em>ΛΕ</em></strong></span> <span class='ocrx_word' id='word_1_183' title='bbox 1080 2371 1180 2458; x_wconf 83' lang='grc' dir='ltr'><strong><em>βάσει</em></strong></span> 
     </span>
     <span class='ocr_line' id='line_1_22' title="bbox 161 2475 1186 2569; baseline 0 -23"><span class='ocrx_word' id='word_1_184' title='bbox 161 2485 200 2569; x_wconf 79' lang='grc' dir='ltr'><strong><em>τη</em></strong></span> <span class='ocrx_word' id='word_1_185' title='bbox 224 2486 304 2547; x_wconf 88' lang='grc' dir='ltr'><strong><em>ΕΜ</em></strong></span> <span class='ocrx_word' id='word_1_186' title='bbox 321 2481 411 2547; x_wconf 82' lang='grc' dir='ltr'><strong><em>ἐστιν</em></strong></span> <span class='ocrx_word' id='word_1_187' title='bbox 434 2487 500 2566; x_wconf 89' lang='grc' dir='ltr'><strong><em>ίση.</em></strong></span> <span class='ocrx_word' id='word_1_188' title='bbox 535 2481 591 2548; x_wconf 82' lang='grc' dir='ltr'><strong><em>καὶ</em></strong></span> <span class='ocrx_word' id='word_1_189' title='bbox 615 2482 684 2548; x_wconf 79' lang='grc' dir='ltr'><strong><em>ἐπεὶ</em></strong></span> <span class='ocrx_word' id='word_1_190' title='bbox 708 2477 797 2569; x_wconf 83' lang='grc' dir='ltr'><strong><em>ὀρθή</em></strong></span> <span class='ocrx_word' id='word_1_191' title='bbox 821 2483 912 2549; x_wconf 79' lang='grc' dir='ltr'><strong><em>ἐστιν</em></strong></span> <span class='ocrx_word' id='word_1_192' title='bbox 935 2477 956 2566; x_wconf 79' lang='grc' dir='ltr'><em>ἡ</em></span> <span class='ocrx_word' id='word_1_193' title='bbox 980 2475 1046 2546; x_wconf 86' lang='grc' dir='ltr'><strong><em>ὑπὸ</em></strong></span> <span class='ocrx_word' id='word_1_194' title='bbox 1068 2486 1186 2547; x_wconf 88' lang='grc' dir='ltr'><strong><em>ΛΕΜ</em></strong></span> 
     </span>
     <span class='ocr_line' id='line_1_23' title="bbox 161 2582 1181 2678; baseline 0 -25"><span class='ocrx_word' id='word_1_195' title='bbox 161 2591 280 2672; x_wconf 91' lang='grc' dir='ltr'><strong><em>γωνία·</em></strong></span> <span class='ocrx_word' id='word_1_196' title='bbox 304 2587 341 2653; x_wconf 83' lang='grc' dir='ltr'><strong><em>ἐν</em></strong></span> <span class='ocrx_word' id='word_1_197' title='bbox 359 2582 544 2678; x_wconf 75' lang='grc' dir='ltr'><strong><em>ἡμικυκλίῳ</em></strong></span> <span class='ocrx_word' id='word_1_198' title='bbox 563 2585 641 2675; x_wconf 88' lang='grc' dir='ltr'><strong><em>γάρ·</em></strong></span> <span class='ocrx_word' id='word_1_199' title='bbox 664 2586 702 2654; x_wconf 89' lang='grc' dir='ltr'><strong><em>τὸ</em></strong></span> <span class='ocrx_word' id='word_1_200' title='bbox 722 2587 789 2672; x_wconf 85' lang='grc' dir='ltr'><strong><em>άρα</em></strong></span> <span class='ocrx_word' id='word_1_201' title='bbox 807 2583 874 2654; x_wconf 88' lang='grc' dir='ltr'><strong><em>άπὸ</em></strong></span> <span class='ocrx_word' id='word_1_202' title='bbox 892 2589 951 2672; x_wconf 78' lang='grc' dir='ltr'><strong><em>τῆς</em></strong></span> <span class='ocrx_word' id='word_1_203' title='bbox 969 2589 1046 2651; x_wconf 95' lang='lat' dir='ltr'><strong><em>AM</em></strong></span> <span class='ocrx_word' id='word_1_204' title='bbox 1061 2584 1181 2653; x_wconf 89' lang='grc' dir='ltr'><strong><em>διπλά-</em></strong></span> 
     </span>
     <span class='ocr_line' id='line_1_24' title="bbox 162 2688 1179 2779; baseline -0.001 -19"><span class='ocrx_word' id='word_1_205' title='bbox 162 2691 238 2761; x_wconf 85' lang='grc' dir='ltr'><strong><em>σιόν</em></strong></span> <span class='ocrx_word' id='word_1_206' title='bbox 261 2693 330 2759; x_wconf 84' lang='grc' dir='ltr'><strong><em>ἐστι</em></strong></span> <span class='ocrx_word' id='word_1_207' title='bbox 352 2702 413 2760; x_wconf 88' lang='grc' dir='ltr'><strong><em>τοῦ</em></strong></span> <span class='ocrx_word' id='word_1_208' title='bbox 436 2689 501 2760; x_wconf 86' lang='grc' dir='ltr'><strong><em>άπὸ</em></strong></span> <span class='ocrx_word' id='word_1_209' title='bbox 525 2697 584 2779; x_wconf 81' lang='grc' dir='ltr'><strong><em>τῆς</em></strong></span> <span class='ocrx_word' id='word_1_210' title='bbox 607 2700 680 2760; x_wconf 93' lang='grc' dir='ltr'><strong><em>ΛΕ.</em></strong></span> <span class='ocrx_word' id='word_1_211' title='bbox 730 2693 843 2778; x_wconf 90' lang='grc' dir='ltr'><strong><em>πάλιν,</em></strong></span> <span class='ocrx_word' id='word_1_212' title='bbox 866 2691 936 2761; x_wconf 79' lang='grc' dir='ltr'><strong><em>ἐπεὶ</em></strong></span> <span class='ocrx_word' id='word_1_213' title='bbox 960 2698 1015 2776; x_wconf 85' lang='grc' dir='ltr'><strong><em>ίση</em></strong></span> <span class='ocrx_word' id='word_1_214' title='bbox 1040 2690 1135 2759; x_wconf 78' lang='grc' dir='ltr'><strong><em>ἐστὶν</em></strong></span> <span class='ocrx_word' id='word_1_215' title='bbox 1158 2688 1179 2777; x_wconf 77' lang='grc' dir='ltr'><em>ἡ</em></span> 
     </span>
     <span class='ocr_line' id='line_1_25' title="bbox 56 2794 1181 2887; baseline -0.002 -21"><span class='ocrx_word' id='word_1_216' title='bbox 56 2826 60 2832; x_wconf 85' lang='grc'><strong>’</strong></span> <span class='ocrx_word' id='word_1_217' title='bbox 161 2804 232 2867; x_wconf 89' lang='grc' dir='ltr'><strong><em>ΑΓ</em></strong></span> <span class='ocrx_word' id='word_1_218' title='bbox 249 2803 288 2887; x_wconf 80' lang='grc' dir='ltr'><strong><em>τῇ</em></strong></span> <span class='ocrx_word' id='word_1_219' title='bbox 312 2804 391 2883; x_wconf 91' lang='grc' dir='ltr'><strong><em>ΓΒ,</em></strong></span> <span class='ocrx_word' id='word_1_220' title='bbox 415 2802 573 2867; x_wconf 89' lang='grc' dir='ltr'><strong><em>διπλασία</em></strong></span> <span class='ocrx_word' id='word_1_221' title='bbox 597 2798 687 2867; x_wconf 81' lang='grc' dir='ltr'><strong><em>ἐστὶν</em></strong></span> <span class='ocrx_word' id='word_1_222' title='bbox 711 2796 732 2887; x_wconf 80' lang='grc' dir='ltr'><em>ἡ</em></span> <span class='ocrx_word' id='word_1_223' title='bbox 756 2806 821 2867; x_wconf 88' lang='grc' dir='ltr'><strong><em>ΑΒ</em></strong></span> <span class='ocrx_word' id='word_1_224' title='bbox 844 2802 992 2885; x_wconf 82' lang='grc' dir='ltr'><strong><em>τῆςΒΓ.</em></strong></span> <span class='ocrx_word' id='word_1_225' title='bbox 1028 2794 1075 2876; x_wconf 86' lang='grc' dir='ltr'><strong><em>ώς</em></strong></span> <span class='ocrx_word' id='word_1_226' title='bbox 1098 2795 1181 2885; x_wconf 58' lang='lat' dir='ltr'><strong><em>Mi]</em></strong></span> 
     </span>
     <span class='ocr_line' id='line_1_26' title="bbox 109 2901 1180 2993; baseline -0.003 -19"><span class='ocrx_word' id='word_1_227' title='bbox 109 2911 143 2962; x_wconf 81' lang='lat'><strong><em>25</em></strong></span> <span class='ocrx_word' id='word_1_228' title='bbox 162 2913 226 2974; x_wconf 87' lang='lat' dir='ltr'><strong><em>AB</em></strong></span> <span class='ocrx_word' id='word_1_229' title='bbox 254 2904 337 2993; x_wconf 85' lang='grc' dir='ltr'><strong><em>πρὸς</em></strong></span> <span class='ocrx_word' id='word_1_230' title='bbox 364 2903 426 2991; x_wconf 79' lang='grc' dir='ltr'><strong><em>τὴν</em></strong></span> <span class='ocrx_word' id='word_1_231' title='bbox 454 2911 527 2990; x_wconf 87' lang='grc' dir='ltr'><strong><em>ΒΓ,</em></strong></span> <span class='ocrx_word' id='word_1_232' title='bbox 557 2905 664 2985; x_wconf 82' lang='grc' dir='ltr'><strong><em>οὕτως</em></strong></span> <span class='ocrx_word' id='word_1_233' title='bbox 690 2902 723 2973; x_wconf 68' lang='grc' dir='ltr'><strong><em>τί</em></strong></span> <span class='ocrx_word' id='word_1_234' title='bbox 756 2903 821 2973; x_wconf 86' lang='grc' dir='ltr'><strong><em>άπὸ</em></strong></span> <span class='ocrx_word' id='word_1_235' title='bbox 849 2906 909 2990; x_wconf 79' lang='grc' dir='ltr'><strong><em>τῆς</em></strong></span> <span class='ocrx_word' id='word_1_236' title='bbox 934 2910 1000 2971; x_wconf 86' lang='lat' dir='ltr'><strong><em>AB</em></strong></span> <span class='ocrx_word' id='word_1_237' title='bbox 1028 2901 1114 2992; x_wconf 85' lang='grc' dir='ltr'><strong><em>πρὸς</em></strong></span> <span class='ocrx_word' id='word_1_238' title='bbox 1142 2902 1180 2971; x_wconf 86' lang='grc' dir='ltr'><strong><em>τὸ</em></strong></span> 
     </span>
     <span class='ocr_line' id='line_1_27' title="bbox 162 3007 1182 3098; baseline -0.002 -19"><span class='ocrx_word' id='word_1_239' title='bbox 162 3009 227 3081; x_wconf 84' lang='grc' dir='ltr'><strong><em>άπὸ</em></strong></span> <span class='ocrx_word' id='word_1_240' title='bbox 250 3016 398 3096; x_wconf 81' lang='grc' dir='ltr'><strong><em>τηςΒΔ·</em></strong></span> <span class='ocrx_word' id='word_1_241' title='bbox 422 3012 601 3080; x_wconf 91' lang='grc' dir='ltr'><strong><em>διπλάσιον</em></strong></span> <span class='ocrx_word' id='word_1_242' title='bbox 624 3010 689 3098; x_wconf 83' lang='grc' dir='ltr'><strong><em>άρα</em></strong></span> <span class='ocrx_word' id='word_1_243' title='bbox 713 3011 782 3079; x_wconf 80' lang='grc' dir='ltr'><strong><em>ἐστί</em></strong></span> <span class='ocrx_word' id='word_1_244' title='bbox 804 3009 843 3079; x_wconf 90' lang='grc' dir='ltr'><strong><em>τὸ</em></strong></span> <span class='ocrx_word' id='word_1_245' title='bbox 867 3007 933 3078; x_wconf 83' lang='grc' dir='ltr'><strong><em>ἀπὸ</em></strong></span> <span class='ocrx_word' id='word_1_246' title='bbox 956 3013 1015 3095; x_wconf 82' lang='grc' dir='ltr'><strong><em>τῆς</em></strong></span> <span class='ocrx_word' id='word_1_247' title='bbox 1032 3015 1100 3076; x_wconf 86' lang='grc' dir='ltr'><strong><em>ΑΒ</em></strong></span> <span class='ocrx_word' id='word_1_248' title='bbox 1118 3012 1182 3078; x_wconf 87' lang='grc' dir='ltr'><strong><em>τοῦ</em></strong></span> 
     </span>
     <span class='ocr_line' id='line_1_28' title="bbox 161 3110 1189 3204; baseline -0.001 -19"><span class='ocrx_word' id='word_1_249' title='bbox 161 3115 227 3185; x_wconf 87' lang='grc' dir='ltr'><strong><em>άπὸ</em></strong></span> <span class='ocrx_word' id='word_1_250' title='bbox 250 3122 309 3204; x_wconf 83' lang='grc' dir='ltr'><strong><em>τῆς</em></strong></span> <span class='ocrx_word' id='word_1_251' title='bbox 327 3125 400 3185; x_wconf 87' lang='lat' dir='ltr'><strong><em>BA.</em></strong></span> <span class='ocrx_word' id='word_1_252' title='bbox 437 3119 572 3204; x_wconf 77' lang='grc' dir='ltr'><strong><em>ἐδείχθη</em></strong></span> <span class='ocrx_word' id='word_1_253' title='bbox 597 3118 635 3186; x_wconf 71' lang='grc' dir='ltr'><strong><em>δὲ</em></strong></span> <span class='ocrx_word' id='word_1_254' title='bbox 657 3118 713 3184; x_wconf 85' lang='grc' dir='ltr'><strong><em>καὶ</em></strong></span> <span class='ocrx_word' id='word_1_255' title='bbox 735 3116 773 3186; x_wconf 90' lang='grc' dir='ltr'><strong><em>τό</em></strong></span> <span class='ocrx_word' id='word_1_256' title='bbox 797 3110 863 3186; x_wconf 85' lang='grc' dir='ltr'><strong><em>ύπό</em></strong></span> <span class='ocrx_word' id='word_1_257' title='bbox 886 3128 945 3203; x_wconf 82' lang='grc' dir='ltr'><strong><em>τῆς</em></strong></span> <span class='ocrx_word' id='word_1_258' title='bbox 964 3121 1046 3183; x_wconf 95' lang='lat' dir='ltr'><strong><em>AM</em></strong></span> <span class='ocrx_word' id='word_1_259' title='bbox 1063 3116 1189 3184; x_wconf 87' lang='grc' dir='ltr'><strong><em>διπλά-·</em></strong></span> 
     </span>
     <span class='ocr_line' id='line_1_29' title="bbox 162 3217 1183 3310; baseline -0.003 -18"><span class='ocrx_word' id='word_1_260' title='bbox 162 3244 238 3293; x_wconf 85' lang='grc' dir='ltr'><strong><em>σιον</em></strong></span> <span class='ocrx_word' id='word_1_261' title='bbox 266 3235 326 3292; x_wconf 84' lang='grc' dir='ltr'><strong><em>τοῦ</em></strong></span> <span class='ocrx_word' id='word_1_262' title='bbox 355 3219 419 3291; x_wconf 85' lang='grc' dir='ltr'><strong><em>άπὸ</em></strong></span> <span class='ocrx_word' id='word_1_263' title='bbox 447 3228 507 3309; x_wconf 80' lang='grc' dir='ltr'><strong><em>της</em></strong></span> <span class='ocrx_word' id='word_1_264' title='bbox 535 3231 609 3294; x_wconf 90' lang='grc' dir='ltr'><strong><em>ΛΕ.</em></strong></span> <span class='ocrx_word' id='word_1_265' title='bbox 653 3229 713 3291; x_wconf 88' lang='grc' dir='ltr'><strong><em>καί</em></strong></span> <span class='ocrx_word' id='word_1_266' title='bbox 737 3227 828 3293; x_wconf 79' lang='grc' dir='ltr'><strong><em>ἐστιν</em></strong></span> <span class='ocrx_word' id='word_1_267' title='bbox 856 3217 998 3291; x_wconf 79' lang='grc' dir='ltr'><strong><em>ίσοντό</em></strong></span> <span class='ocrx_word' id='word_1_268' title='bbox 1026 3219 1093 3290; x_wconf 89' lang='grc' dir='ltr'><strong><em>άπὸ</em></strong></span> <span class='ocrx_word' id='word_1_269' title='bbox 1121 3227 1183 3310; x_wconf 75' lang='grc' dir='ltr'><strong><em>τῆς</em></strong></span> 
     </span>
    </p>
   </div>
   <div class='ocr_carea' id='block_1_3' title="bbox 161 3387 375 3398">
    <p class='ocr_par' dir='ltr' id='par_1_8' title="bbox 161 3387 375 3398">
     <span class='ocr_line' id='line_1_30' title="bbox 161 3387 375 3398; baseline -0.005 -1"><span class='ocrx_word' id='word_1_270' title='bbox 161 3387 375 3398; x_wconf 80' lang='lat'><strong>———---</strong></span> 
     </span>
    </p>
   </div>
   <div class='ocr_carea' id='block_1_4' title="bbox 151 3466 1184 3616">
    <p class='ocr_par' dir='ltr' id='par_1_9' title="bbox 151 3466 1184 3616">
     <span class='ocr_line' id='line_1_31' title="bbox 151 3466 1184 3542; baseline 0.002 -16"><span class='ocrx_word' id='word_1_271' title='bbox 151 3470 154 3477; x_wconf 84' lang='lat'>&#39;</span> <span class='ocrx_word' id='word_1_272' title='bbox 234 3478 257 3526; x_wconf 89' lang='lat'><strong><em>1.</em></strong></span> <span class='ocrx_word' id='word_1_273' title='bbox 278 3467 353 3527; x_wconf 78' lang='grc' dir='ltr'><strong><em>ἒστίν</em></strong></span> <span class='ocrx_word' id='word_1_274' title='bbox 371 3472 402 3525; x_wconf 83' lang='lat' dir='ltr'><strong><em>L.</em></strong></span> <span class='ocrx_word' id='word_1_275' title='bbox 485 3477 510 3526; x_wconf 76' lang='lat'><strong><em>2.</em></strong></span> <span class='ocrx_word' id='word_1_276' title='bbox 530 3469 616 3542; x_wconf 74' lang='grc' dir='ltr'><strong><em>ἐστίν]</em></strong></span> <span class='ocrx_word' id='word_1_277' title='bbox 636 3488 690 3527; x_wconf 89' lang='lat' dir='ltr'><strong><em>om.</em></strong></span> <span class='ocrx_word' id='word_1_278' title='bbox 710 3471 744 3526; x_wconf 85' lang='lat' dir='ltr'><strong><em>V.</em></strong></span> <span class='ocrx_word' id='word_1_279' title='bbox 822 3477 847 3526; x_wconf 83' lang='lat'><strong><em>3.</em></strong></span> <span class='ocrx_word' id='word_1_280' title='bbox 868 3466 944 3525; x_wconf 76' lang='grc' dir='ltr'><strong><em>ἐστίν</em></strong></span> <span class='ocrx_word' id='word_1_281' title='bbox 962 3470 993 3525; x_wconf 86' lang='lat' dir='ltr'><strong><em>L.</em></strong></span> <span class='ocrx_word' id='word_1_282' title='bbox 1067 3475 1092 3526; x_wconf 82' lang='lat'><strong><em>5.</em></strong></span> <span class='ocrx_word' id='word_1_283' title='bbox 1111 3470 1184 3528; x_wconf 76' lang='grc' dir='ltr'><strong><em>Ροελ</em></strong></span> 
     </span>
     <span class='ocr_line' id='line_1_32' title="bbox 162 3533 1121 3616; baseline -0.001 -17"><span class='ocrx_word' id='word_1_284' title='bbox 162 3533 202 3599; x_wconf 78' lang='grc' dir='ltr'><strong><em>ὦν</em></strong></span> <span class='ocrx_word' id='word_1_285' title='bbox 220 3542 285 3600; x_wconf 74' lang='grc' dir='ltr'><strong><em>αδδ.</em></strong></span> <span class='ocrx_word' id='word_1_286' title='bbox 305 3547 338 3596; x_wconf 76' lang='grc' dir='ltr'><strong><em>αἱ</em></strong></span> <span class='ocrx_word' id='word_1_287' title='bbox 356 3542 384 3597; x_wconf 90' lang='lat' dir='ltr'><strong><em>b.</em></strong></span> <span class='ocrx_word' id='word_1_288' title='bbox 456 3540 537 3616; x_wconf 85' lang='grc' dir='ltr'><strong><em>βάσις</em></strong></span> <span class='ocrx_word' id='word_1_289' title='bbox 555 3542 576 3596; x_wconf 87' lang='lat' dir='ltr'>L</span> <span class='ocrx_word' id='word_1_290' title='bbox 596 3547 624 3597; x_wconf 78' lang='lat' dir='ltr'><strong><em>et</em></strong></span> <span class='ocrx_word' id='word_1_291' title='bbox 642 3541 675 3612; x_wconf 82' lang='lat' dir='ltr'><strong><em>B,</em></strong></span> <span class='ocrx_word' id='word_1_292' title='bbox 694 3542 744 3596; x_wconf 79' lang='lat' dir='ltr'><strong><em>sed</em></strong></span> <span class='ocrx_word' id='word_1_293' title='bbox 762 3559 832 3610; x_wconf 74' lang='grc' dir='ltr'><strong><em>οοεε.</em></strong></span> <span class='ocrx_word' id='word_1_294' title='bbox 850 3560 888 3596; x_wconf 89' lang='lat' dir='ltr'><strong><em>m.</em></strong></span> <span class='ocrx_word' id='word_1_295' title='bbox 907 3547 932 3596; x_wconf 74' lang='lat'><strong><em>2.</em></strong></span> <span class='ocrx_word' id='word_1_296' title='bbox 992 3537 1068 3596; x_wconf 80' lang='grc' dir='ltr'><strong><em>ἐστιν</em></strong></span> <span class='ocrx_word' id='word_1_297' title='bbox 1088 3542 1121 3598; x_wconf 88' lang='lat' dir='ltr'><strong><em>L.</em></strong></span> 
     </span>
    </p>
   </div>
   <div class='ocr_carea' id='block_1_5' title="bbox 0 0 1251 3952">
    <p class='ocr_par' dir='ltr' id='par_1_10' title="bbox 0 0 1251 3952">
     <span class='ocr_line' id='line_1_33' title="bbox 0 0 1251 3952; baseline 0 0"><span class='ocrx_word' id='word_1_298' title='bbox 0 0 1251 3952; x_wconf 95' lang='lat' dir='ltr'><strong><em> </em></strong></span> 
     </span>
    </p>
   </div>
  </div>
 </body>
</html>
