2468 3952
348 235 623 288 mnunuroaun
641 235 750 287 arena
767 237 842 290 xru.
1039 234 1105 300 309

89 399 174 462 esse,
203 380 237 443 et
259 381 326 442 ΛΟ
354 381 387 443 et
409 378 482 462 ipsa
504 378 683 462 pentagoni
706 382 769 462 est,
793 378 979 465 triangulus
1004 384 1106 447 ΠΛΟ

88 484 308 570 aequilaterus
332 487 391 550 est.
428 484 540 550 eadem
564 483 602 548 de
626 506 724 550 causa
748 486 846 550 etiam
865 487 986 571 singuli
1003 489 1105 552 trian-

88 591 158 676 guli
174 595 296 674 APM,
313 595 443 670 ΜΣΝ,
462 595 497 655 Ν
506 590 576 674 ΤΞ,
595 590 692 665 ΞΥΟ
706 593 898 677 aequilateri
917 596 1002 657 sunt.
1038 594 1104 658 ianr

89 700 238 763 sumatur
275 701 422 763 centrum
459 698 571 763 circuli
603 701 784 773 ΕΖΗΘΚΙ
817 698 893 780 [HL
929 701 961 780 1]
997 703 1030 764 et
1062 702 1106 764 sit

87 808 245 889 punctum
271 807 312 868 Φ.
360 807 393 867 et
415 803 450 868 in
472 807 592 888 puncto
619 807 650 868 Φ
678 805 874 888 adplenum
898 805 1105 890 circuliper-
1133 818 1137 823 ’

86 910 305 994 pendicularis
329 910 475 994 erigatur
500 913 569 974 ΦΩ
596 913 632 995 ,οὲ
659 911 699 974 ad
723 911 860 976 alteram
884 915 1010 994 partem
1033 934 1105 996 pro-

88 1017 224 1082 ducatur
247 1020 286 1082 ut
311 1020 402 1101 ΦΨ,
432 1025 465 1081 et
496 1016 706 1082 abscindatur
728 1017 814 1082 latus
838 1010 1001 1101 hexagoni
1027 1022 1104 1100 ΦΧ,

90 1123 247 1207 decagoni
270 1125 379 1187 autem
402 1125 539 1206 utraque
566 1126 654 1206 ΦΨ,
678 1127 758 1206 ΧΩ,
782 1128 815 1188 et
838 1123 998 1189 ducantur
1020 1128 1103 1207 ΠΩ,

89 1233 173 1313 ΠΧ,
201 1233 280 1314 ΥΩ,
303 1231 384 1312 ΕΦ,
403 1232 487 1313 ΛΦ,
506 1233 594 1314 ΛΨ,
617 1234 704 1296 ΨΜ.
743 1236 776 1296 et
794 1232 948 1314 quoniam
966 1235 1105 1315 utreque

90 1339 169 1419 ΦΧ,
192 1340 264 1400 ΠΕ
290 1334 330 1400 ad
353 1336 488 1420 planum
511 1336 624 1402 circuli
647 1337 923 1422 perpendicularis
947 1341 1009 1420 est,
1039 1342 1109 1403 ΦΧ

29 1452 33 1459 ’
86 1445 196 1507 rectae
211 1446 247 1506 11
250 1445 282 1507 Ε
297 1442 455 1526 parallelo
473 1447 525 1507 est
544 1442 613 1525 [XL
628 1443 672 1523 6].
702 1463 816 1507 uerum
835 1444 934 1509 etiam
954 1446 1104 1529 aequales

89 1551 174 1612 sunt.
225 1570 323 1632 quare
352 1549 453 1614 etiam
475 1552 558 1632 ΕΦ,
586 1553 625 1612 Π
631 1553 665 1612 Χ
688 1551 839 1632 aequales
868 1555 901 1615 et
930 1551 1105 1634 parallelae

90 1659 167 1719 sunt
186 1654 224 1736 [1,
239 1654 306 1735 33].
344 1655 400 1719 sed
414 1658 485 1719 ΕΦ
502 1655 590 1719 latus
609 1660 660 1720 est
678 1655 850 1739 hexagoni.
887 1678 986 1740 quare
1006 1657 1105 1722 etiam

87 1763 164 1824 ΠΧ
186 1742 348 1846 hexagdni
376 1763 436 1827 est.
487 1765 520 1826 et
546 1761 700 1846 quoniam
724 1766 799 1826 ΠΧ
821 1762 907 1827 latus
937 1765 987 1826 est
1008 1762 1105 1828 hexa-

87 1866 176 1950 goni,
199 1870 268 1931 xa
291 1870 400 1932 autem
424 1867 589 1952 decagoni,
614 1872 646 1933 et
668 1871 944 1943 illitteratus
968 1871 1018 1932 est
1043 1869 1105 1949 [XI

88 1972 150 2038 def.
178 1973 207 2039 3.
244 1972 274 2050 Ι,
297 1973 373 2058 29],
404 1977 477 2038 ΠΩ
509 1973 595 2038 latus
628 1979 679 2038 est
709 1976 887 2059 pentagoni
921 1976 1024 2058 [prop.
1051 1974 1105 2055 Xl.

87 2078 199 2143 eadem
223 2077 261 2142 de
284 2098 383 2144 causa
406 2079 505 2144 etiarn
528 2082 591 2143 Tit
609 2081 788 2164 pentagoni
808 2085 866 2164 est,
890 2082 1053 2166 quoniam,
1077 2082 1105 2146 si

88 2185 272 2250 duxerimus
294 2187 377 2269 ΦΚ,
399 2189 477 2270 ΧΥ,
502 2168 653 2269 aequales
677 2190 772 2251 erunt
795 2192 828 2252 et
846 2188 932 2252 inter
951 2210 985 2252 se
1005 2210 1104 2272 oppo-

88 2293 180 2376 sitae,
200 2295 233 2356 et
249 2292 320 2354 ΦΧ
334 2291 443 2363 radius
465 2291 610 2376 aequalis
631 2296 681 2357 est
698 2293 793 2358 lateri
811 2294 987 2380 hexagoni,
998 2292 1104 2379 'quare

86 2397 187 2462 etiam
218 2401 286 2462 ΧΥ
315 2397 478 2482 hexagoni
512 2401 568 2462 est.
625 2399 780 2484 decagoni
813 2403 923 2465 autem
954 2405 1035 2485 ΧΩ,
1073 2407 1105 2465 et

86 2506 228 2579 luxa
250 2507 358 2569 rectus
383 2508 445 2588 est3
470 2525 570 2588 quare
597 2508 663 2568 ΥΩ
684 2507 863 2590 pentagoni
887 2511 945 2572 est.
990 2531 1104 2573 uerum

87 2610 189 2674 etiam
217 2612 255 2673 Π
258 2612 288 2672 Υ
316 2609 495 2694 pentagoni
527 2615 584 2676 est.
639 2610 750 2694 itaque
782 2612 966 2696 triangulus
998 2616 1105 2676 ΠΥΩ

89 2714 308 2800 aequilaterus
332 2720 390 2781 est.
429 2715 540 2781 eadem
564 2716 603 2781 de
627 2737 726 2782 causa
749 2716 851 2800 igitur
869 2718 968 2781 etiam
987 2718 1105 2802 reliqui

87 2820 258 2905 trianguli,
288 2844 425 2907 quorum
452 2823 550 2886 bases
577 2825 653 2886 sunt
679 2825 786 2887 rectae
814 2827 893 2906 ΠΡ,
922 2826 1002 2906 ΡΣ,
1028 2826 1105 2907 ΣΤ,

93 2931 166 3012 ΤΥ,
197 2930 309 2994 uertex
343 2934 453 2995 autem
485 2933 640 3013 punctum
672 2931 718 3012 a,
756 2928 879 3013 singuli
913 2928 1105 3012 aequilateri

89 3037 175 3101 sunt.
228 3057 340 3100 rursus
373 3035 527 3120 quoniam
559 3034 721 3120 hexagoni
754 3037 805 3098 est
839 3036 916 3116 ΦΛ,
947 3033 1104 3118 decagoni

89 3282 177 3337 llitt.
197 3282 227 3336 Ρ.
305 3278 376 3335 εἰσίν
395 3279 453 3334 ΡΒ.
526 3283 588 3333 ΧΠ
604 3279 634 3335 P.
714 3286 754 3334 15.
774 3274 860 3350 ἔστιν]
881 3280 977 3349 (prius)
997 3275 1053 3332 ἔστι
1072 3279 1103 3347 Ρ,

87 3351 158 3407 εἰσιν
174 3370 200 3420 q.
275 3357 316 3406 19.
338 3355 395 3405 ΦΧ
406 3351 437 3406 Β.
510 3356 553 3405 21.
575 3351 646 3422 ΥΩ]
666 3353 725 3405 ΩΤ
741 3350 770 3404 Ρ.
843 3349 1031 3405 22.ἔστινΒ.

87 3419 162 3492 ἐστί]
182 3440 237 3479 om.
255 3422 289 3490 V,
311 3418 387 3478 touls
406 3422 435 3478 P.
509 3427 552 3476 23.
571 3423 711 3493 nullom.
731 3422 786 3490 bq,
807 3438 839 3476 su
859 3439 945 3477 ram.
966 3428 981 3476 2
1001 3422 1031 3474 B.

87 3501 131 3549 24.
152 3488 202 3566 ὧν]
224 3511 307 3563 supra
325 3511 361 3548 m.
381 3499 397 3547 2
416 3492 447 3548 B.
520 3498 563 3548 26.
583 3489 712 3562 dccth,
734 3509 824 3563 comp.
839 3440 869 3548 h
944 3489 1007 3565 μέν]
1029 3489 1104 3548 ἐστίν

88 3583 119 3634 q,
139 3564 191 3635 μέν
211 3560 285 3620 ἐστιν
304 3563 331 3620 b.
404 3567 458 3618 ΛΦ
477 3582 504 3632 q.
899 3573 903 3581 ’
