2468 3952
533 197 715 249 APPENDIX
732 197 754 250 Ῑ.

629 393 660 458 3.

443 516 571 602 Uulgo
594 516 642 582 XI
664 539 769 603 prop.
793 517 845 584 38.

200 635 279 706 Ἐἀν
306 640 464 707 ἐπίπεδον
491 637 576 726 πρὸς
607 640 766 707 ἐπίπεδον
797 635 907 727 ὀρθὸν
935 629 978 726 ᾖ,
1010 637 1073 705 καὶ
1099 635 1158 704 ἀπό

133 771 226 825 τινος
249 749 388 831 σημείου
410 749 481 813 τῶν
503 747 540 813 ἐν
563 745 614 812 ἑνὶ
636 748 705 813 τῶν
724 745 891 813 ἐπιπέδων
909 744 968 812 ἐπὶ
985 742 1028 813 τὸ
1048 745 1155 831 ἕτερον

135 853 294 920 ἐπίπεδον
312 850 454 930 ιιάθετος
472 848 579 939 ἀχθῇ,
602 851 656 918 ἐπὶ
673 854 733 937 τῆς
749 853 867 938 κοινῆς
883 860 994 938 τομῆς
1011 864 1154 919 πεσεῖται

135 961 204 1026 τῶν
228 958 394 1026 ἐπιπέδων
417 953 438 1043 ἡ
463 954 611 1043 ἀγομένη
634 957 787 1037 κάθετος.

100 1083 116 1130 5
203 1066 361 1133 ἐπίπεδον
384 1061 449 1149 γὰρ
472 1061 510 1130 τὸ
530 1068 593 1130 ΓΔ
616 1063 759 1153 ἐπιπέδῳ
782 1065 828 1154 τῷ
847 1068 914 1129 AB
938 1060 1029 1147 πρὸς
1053 1061 1152 1148 ὀμθδς

134 1177 230 1258 ἔστω,
253 1169 349 1257 κοινὴ
375 1169 413 1238 δὲ
436 1167 549 1237 αὐτῶν
566 1167 651 1255 τομὴ
671 1174 755 1237 ἐστω
775 1167 796 1255 ἡ
816 1177 900 1253 ΔΑ,
923 1167 983 1235 καὶ
1002 1167 1150 1255 εἰλήφθω

134 1279 187 1346 ἐπὶ
210 1282 271 1346 τοῦ
295 1284 358 1346 ΓΔ
380 1277 540 1345 ἐπιπέδου
561 1274 665 1362 τυχὸν
689 1288 828 1363 σημεῖον
850 1273 889 1342 τὸ
912 1281 957 1341 Ε·
981 1275 1086 1361 λέγω,
1107 1275 1150 1343 ὅτι

133 1381 155 1469 ἡ
179 1382 244 1450 ἀπὸ
268 1387 329 1451 τοῦ
353 1390 385 1450 Ε
410 1382 462 1451 ἐπὶ
490 1380 528 1450 τὸ
552 1388 618 1449 AB
648 1383 808 1449 ἐπίπεδον
833 1377 980 1460 ιιάθετος
1007 1379 1148 1470 ἀγομένη

133 1490 187 1556 ἐπὶ
208 1492 267 1574 τῆς
290 1496 356 1555 ΔΛ
378 1501 534 1556 πεσεῖται.

83 1613 114 1661 10
200 1594 246 1685 μὴ
264 1594 341 1683 γάμ,
364 1593 441 1663 ἀλλ’
463 1599 495 1662 εἰ
513 1593 673 1679 δυνατόν,
695 1594 837 1663 πιπτέτω
857 1593 951 1673 ἐκτὸς
970 1590 1017 1674 ὡς
1036 1592 1059 1681 ἡ
1079 1600 1149 1678 ΕΖ,

132 1704 188 1771 καὶ
212 1702 427 1792 συμβαλλέτω
449 1705 496 1794 τῳ
520 1708 586 1769 AB
609 1703 754 1793 ἐπιπέδῳ
781 1699 864 1769 ιιατά
886 1700 924 1768 τὸ
949 1707 980 1768 Ζ
1004 1714 1149 1788 σημεῖον,

132 1811 188 1877 καὶ
216 1808 282 1877 ἀπὸ
312 1819 375 1876 τοῦ
398 1815 426 1874 Ζ
456 1808 510 1876 ἐπὶ
532 1805 595 1894 τὴν
618 1815 685 1876 ΛΑ
708 1808 745 1875 ἐν
766 1811 812 1899 τῷ
836 1808 1076 1898 ΑΒέπιπέδῳ
1099 1805 1150 1874 ιιά-

132 1925 232 1996 θετος
259 1921 342 1984 ἔστω
374 1912 396 2002 ἡ
426 1922 508 2000 ΖΗ,
540 1912 612 2001 ἥτις
643 1916 699 1982 καὶ
730 1918 776 2007 τῷ
804 1921 868 1983 ΓΔ
894 1915 1044 2004 ἐπιπέδῳ
1072 1912 1152 2001 πρὸς

133 2021 241 2110 ὀρθάς
263 2025 369 2107 ἐστιν,
393 2022 449 2090 καὶ
477 2022 663 2109 ἐπεζεύχθω
686 2019 708 2108 ἡ
730 2028 809 2089 ΕΗ.
856 2021 926 2111 ἐπεὶ
950 2013 1017 2090 οὖν
1041 2018 1064 2109 ἡ
1089 2027 1152 2090 ΖΗ

82 2145 113 2194 15
133 2133 179 2222 τῷ
203 2136 266 2198 ΓΔ
288 2130 432 2219 ἐπιπέδῳ
456 2128 541 2215 πρὸς
564 2126 671 2215 ὀμθάς
694 2130 795 2213 ἐστιν,
823 2126 958 2195 ἅπτεται
989 2126 1029 2195 δὲ
1052 2125 1153 2215 αὐτῆς

131 2235 152 2323 ἡ
177 2244 250 2305 ΕΗ
274 2228 360 2304 οὖσα
388 2237 425 2304 ἐν
452 2238 498 2327 τῷ
522 2241 585 2303 ΓΔ
613 2235 773 2326 ἐπιπέδῳ,
800 2232 890 2325 ὀρθὴ
919 2231 987 2321 ἀρα
1015 2231 1152 2318 ἐστλνὴ

131 2339 198 2409 ὑπὸ
222 2348 327 2408 ΖΗΕ
351 2344 465 2428 γωνία.
515 2337 600 2409 ἀλλὰ
627 2341 683 2429 καὶ
711 2337 733 2426 ἡ
756 2347 819 2407 ΕΖ
845 2343 892 2430 τῷ
916 2346 983 2407 AB
1007 2341 1151 2431 ἐπιπέδῳ

132 2552 246 2638 γαίνου
270 2550 312 2637 δὴ
336 2554 397 2618 τοῦ
416 2557 524 2619 ΕΖΗ
538 2553 576 2619 αλ
593 2550 656 2620 δύο
675 2557 797 2638 γωνίαι
817 2548 938 2639 ὀρθαῖς
957 2559 1030 2624 ἴσαι
1050 2557 1151 2623 εἰσίν·

78 2674 112 2724 20
133 2660 215 2744 ὅπερ
243 2656 425 2726 ἀδύνατον.
471 2655 534 2727 οὐκ
561 2657 628 2745 ἀρα
655 2655 676 2744 ἡ
704 2655 860 2747 ἀπὸτοῦ
883 2665 915 2725 Ε
939 2659 994 2726 ἐπὶ
1022 2659 1063 2728 τὸ
1087 2666 1150 2733 ΑΒ

132 2769 289 2834 ἐπίπεδον
325 2764 468 2844 κάθετος
499 2762 647 2852 ἀγομένη
680 2762 774 2845 ἐκτὸς
804 2777 952 2848 πεσεῖται
982 2775 1045 2852 τῆς
1078 2774 1151 2835 ΔΑ.

37 2930 40 2938 .
132 2873 185 2940 ἐπὶ
207 2869 269 2958 τὴν
292 2880 359 2939 ΛΑ
382 2868 447 2958 ἀρα
469 2884 629 2938 πεσεῖται·
653 2867 734 2957 ὅπερ
759 2874 827 2938 ἔδει
851 2871 965 2951 δεῖξαι.

201 3068 254 3135 XI,
273 3073 307 3124 38
330 3067 395 3138 posi]
413 3066 466 3134 XI,
486 3071 520 3122 37
543 3065 650 3149 hab-ent
673 3063 796 3133 PBFV‚
824 3081 877 3121 om.
897 3064 929 3132 b;
958 3062 990 3119 έν
1015 3084 1073 3122 τισι
1095 3067 1150 3121 τῶν

131 3151 315 3226 ἀντιγράφων
334 3151 368 3211 οὗ
388 3153 507 3225 φέρεται
524 3150 556 3210 τὸ
575 3159 609 3225 λη
627 3156 650 3210 Ρ
668 3172 725 3226 mg.
744 3172 781 3209 m.
802 3160 826 3209 1.

201 3331 246 3403 λη’
266 3332 360 3401 PBV‚
379 3332 410 3387 in
428 3331 609 3389 ras.m.2F.
655 3338 681 3388 2.
700 3331 768 3403 τῶν]
784 3331 856 3401 (alt.)
870 3332 983 3388 MP.
1038 3329 1149 3404 ἕτερον]

149 3407 194 3460 ost
212 3427 228 3476 ρ
247 3405 343 3529 maii
354 3405 384 3460 P.
458 3409 483 3458 3.
502 3398 727 3528 ἀέθτεῑνΡᾯἭ
747 3421 783 3460 m.
803 3408 835 3528 δὲ
864 3407 927 3527 Mb
945 3403 1069 3528 iffi}
1078 3421 1147 3458 eras.

132 3517 172 3603 11⁶.
192 3475 355 3619 σνμδαλέταά
373 3491 445 3602 VoVr
464 3492 553 3599 ex13.
574 3516 655 3616 ἔστω]
676 3515 758 3614 ἤχθω
777 3515 868 3599 BVV.
914 3472 985 3602 ]14.
1005 3517 1149 3612 MN,
