2468 3952
136 185 203 249 374
533 187 715 238 mmm
733 189 755 239 L

135 329 237 414 λέγω,
265 325 316 394 ὅτι
344 325 384 393 τὰ
412 324 477 394 ἀπὸ
507 329 576 393 τῶν
599 332 680 410 AB,
707 333 774 394 ΒΓ
795 326 975 414 τριπλάσιά
999 329 1070 394 ἐστι
1094 331 1157 395 τοῦ

135 431 200 501 ἀπὸ
225 439 299 500 ΑΓ.

199 539 288 607 Ἐστεὶ
311 538 375 626 γὰρ
393 539 433 607 τὰ
454 536 518 606 οάιὸ
538 543 606 607 τῶν
630 546 706 623 ΑΒ,
726 545 792 607 ΒΓ
805 538 984 626 τριπλάσιά
1005 541 1076 607 ἐστι
1095 542 1155 605 τοῦ

133 643 200 715 ἀπὸ
224 654 299 732 ΑΓ,
323 645 409 713 ἀλλὰ
432 645 471 713 τὰ
495 642 561 713 ἀπὸ
584 650 653 713 τῶν
671 653 753 730 ΑΒ,
772 651 839 713 ΒΓ
857 644 895 712 τὸ
919 646 972 724 θὶς
994 643 1061 712 ὑπὸ
1086 648 1156 712 τῶν

99 760 216 838 ῡΑΒ,
237 759 303 819 ΒΓ
321 755 390 820 ἐστι
413 750 493 838 μετὰ
516 756 578 819 τοῦ
598 749 664 820 ἄνιὸ
683 758 760 838 ΛΓ,
782 750 820 820 τὸ
842 750 910 838 ἄρα
928 753 981 831 θὶς
998 749 1066 818 ὑπὸ
1087 755 1155 819 τῶν

133 867 217 944 AB,
237 865 304 927 ΒΓ
323 858 404 944 μετὰ
428 864 488 928 τοῦ
512 855 578 927 ἀπὸ
599 866 668 927 ΑΓ
686 856 885 945 τριπλάσιόν
910 860 980 952 ἐστι
1001 862 1064 925 τοῦ
1088 856 1153 924 ιἰιιὸ

133 972 211 1033 ΑΓ·
236 965 383 1034 διελόντι
401 969 439 1034 τὸ
459 964 525 1051 ἄρα
544 965 596 1046 δὶς
613 963 680 1034 ὑπὸ
700 973 783 1052 ΑΒ,
803 972 871 1033 ΒΓ
884 963 1066 1033 διπλάσιόν
1087 967 1155 1033 έστι

133 1076 194 1138 τοῦ
218 1069 283 1140 ἀπὸ
308 1077 385 1140 ΑΓ·
415 1073 499 1139 ὥστε
526 1070 564 1140 τὸ
591 1071 658 1140 ὑπὸ
686 1084 756 1140 τῶν
778 1080 860 1157 ΑΒ,
889 1079 957 1140 ΒΓ
979 1080 1057 1141 ἴσον
1086 1070 1154 1139 ἐστὶ

132 1182 179 1269 τῷ
202 1176 268 1246 ἀπὸ
292 1183 351 1265 τῆς
365 1186 397 1246 Α
404 1184 438 1246 Γ.
476 1184 545 1245 ἔστι
568 1179 619 1245 δέ·
643 1176 663 1265 ἡ
687 1177 751 1266 γὰρ
766 1186 831 1246 ΑΒ
850 1177 957 1265 ἄκρον
975 1178 1032 1245 καὶ
1050 1180 1154 1264 μέσον

84 1299 116 1347 10
136 1283 239 1371 λόγον
261 1287 416 1372 τέτμηται
438 1283 522 1353 κατὰ
545 1283 583 1353 τὸ
607 1290 643 1352 Γ.

507 1475 554 1546 Ἡ
572 1477 777 1559 σύνθεσις.

198 1599 287 1680 Ἐπεὶ
309 1599 330 1689 ἡ
349 1611 414 1670 ΑΒ
438 1602 544 1687 ἄκρον
568 1603 625 1670 καὶ
647 1604 750 1689 μέσον
769 1603 873 1690 λόγον
891 1605 1047 1690 τέτμηται
1068 1602 1152 1671 κατὰ

133 1705 171 1776 τὸ
191 1713 229 1793 Γ,
252 1714 312 1776 καί
332 1712 400 1777 ἐστι
423 1715 535 1796 μεῖζον
558 1713 668 1795 τμῆμα
691 1706 712 1797 ἡ
732 1715 808 1795 ΑΓ,
831 1707 869 1777 τὸ
894 1708 960 1797 ἅμα
982 1707 1049 1777 ὑπὸ
1068 1717 1151 1795 ΑΒ,

133 1820 199 1882 ΒΓ
219 1823 294 1882 ἴσον
318 1817 386 1883 ἐστὶ
409 1820 455 1907 τῷ
479 1813 545 1883 ἀπὸ
565 1805 643 1883 ΑΓ·
665 1813 704 1884 τὸ
728 1814 793 1902 ἄρα
818 1817 869 1896 θὶς
891 1814 959 1885 ὑπὸ
982 1824 1066 1903 ΑΒ,
1090 1821 1156 1884 ΒΓ

81 1934 114 1984 15
134 1920 315 1989 διπλάσιόν
335 1923 403 1989 ἐστι
422 1924 484 1987 τοῦ
503 1918 568 1986 ἀπὸ
587 1929 620 1986 A
626 1926 665 1988 Γ’
690 1921 851 1989 συνθέντι
870 1920 908 1989 τὸ
928 1919 994 2008 ἅμα
1014 1922 1066 2002 θὶς
1084 1919 1150 1990 ὑπὸ

132 2029 201 2094 τῶν
223 2034 288 2094 ΑΒ
295 2078 305 2112 ,
329 2033 394 2094 ΒΓ
413 2024 494 2115 μετὰ
516 2029 577 2093 τοῦ
600 2024 665 2095 ἀπὸ
684 2032 754 2114 AF
772 2027 972 2115 τριπλάσιόν
995 2030 1065 2097 έστι
1088 2032 1150 2096 τοῦ

133 2128 199 2202 ἆτὸ
228 2139 302 2201 ΑΓ.
338 2130 422 2201 ἀλλὰ
450 2131 487 2200 τὸ
517 2135 569 2213 θὶς
595 2130 661 2200 ὑπὸ
689 2137 757 2201 τῶν
780 2141 862 2219 ΑΒ,
891 2140 958 2202 ΒΓ
981 2138 1063 2222 μετὰ
1091 2139 1152 2203 τοῦ

134 2236 199 2306 ἀπὸ
227 2243 286 2324 τῆς
309 2245 378 2307 ΑΓ
400 2238 440 2306 τὰ
468 2236 534 2306 ιἰτό
557 2243 626 2307 τοῖν
649 2246 730 2324 AB,
758 2245 825 2306 ΒΓ
848 2241 917 2307 έοτι
944 2240 1151 2327 τετράγωνα·

133 2340 173 2411 τὰ
192 2342 258 2431 ἅμα
277 2343 340 2412 ἀπὸ
362 2350 430 2413 τῶν
443 2353 475 2413 A
481 2353 525 2432 B,
544 2351 610 2413 ΒΓ
623 2345 801 2430 τριπλάσιά
821 2349 890 2414 ἐστι
908 2351 969 2415 τοῦ
987 2347 1055 2417 ἀπὸ
1069 2355 1150 2417 ΑΓ·

82 2464 117 2516 20
137 2447 218 2535 ὅπερ
242 2453 310 2517 ἔδει
334 2451 448 2532 δεῖξαι.

249 2650 325 2714 Τοῦ
346 2658 364 2714 ἓ
386 2645 643 2734 θεωρήματος
665 2645 687 2734 ἡ
711 2643 906 2728 ἀνάλυσις
928 2649 992 2716 καὶ
1016 2647 1037 2736 ἡ

539 2753 739 2833 σύνθεσις.

201 2873 331 2945 Εὐθεῖα
355 2877 420 2965 γάρ
442 2905 492 2958 τις
514 2875 535 2963 ἡ
555 2883 623 2943 ΑΒ
647 2874 753 2961 ἄκρον
775 2877 831 2943 καὶ
855 2878 957 2963 μέσον
976 2877 1081 2965 λόγον
1101 2905 1151 2947 τε-

132 2979 272 3065 τμήσθω
301 2982 383 3051 κατὰ
412 2982 449 3068 τὸ
478 2989 517 3067 Γ,
549 2981 605 3048 καὶ
638 2986 721 3048 ἔστιν
749 2989 862 3068 μεῖζον
890 2988 1001 3070 τμῆμα
1028 2982 1049 3073 ἡ
1077 2991 1152 3070 ΑΓ,

81 3115 115 3166 25
133 3086 189 3153 καὶ
211 3098 251 3176 τῇ
265 3094 334 3156 ΑΓ
354 3097 408 3174 ἴση
432 3095 557 3156 κείσθω
581 3085 701 3175 ἡΑΔ·
724 3089 826 3174 λέγω,
851 3086 901 3157 ὅτι
921 3086 941 3174 ἡ
958 3097 1024 3156 ΑΒ
1043 3088 1151 3178 ἄκρον

81 3176 87 3191 ’
133 3192 188 3259 καὶ
216 3194 319 3279 μέσον
347 3193 450 3280 λόγον
477 3196 631 3280 τέτμηται
654 3192 736 3262 κατὰ
760 3193 798 3261 τὸ
823 3202 870 3279 A,
897 3195 953 3262 καὶ
976 3193 1014 3263 τὸ
1038 3201 1152 3286 μςῖζον

133 3299 243 3386 τμῆμά
268 3302 358 3368 ἐστιν
381 3298 401 3387 ἡ
425 3306 500 3368 AB.

134 3406 346 3419 *-

206 3445 230 3494 5.
249 3442 313 3512 τοῦ]
333 3458 386 3497 om.
410 3440 440 3494 V.
550 3448 573 3496 6.
594 3439 669 3496 ἐστιν
689 3442 719 3496 Ρ.
829 3447 854 3498 7.
873 3443 928 3496 τῶν
946 3449 996 3498 ΑΒ
1017 3443 1050 3500 V.

65 3506 283 3704 waiam
302 3543 335 3552 —
355 3517 380 3566 8.
400 3512 469 3583 ΒΓ]
490 3529 545 3568 om.
564 3530 590 3581 q.
668 3517 692 3566 8.
712 3508 756 3584 τό]
776 3529 830 3570 om.
850 3512 877 3566 b.
949 3510 1017 3584 θιτό]
1036 3511 1096 3570 ἄτιό
1117 3516 1152 3584 V,
