2468 3952
338 167 613 219 maumuroauu
631 167 740 220 amaa
757 170 818 223 xu.
1021 167 1085 232 241

71 314 104 374 A
113 314 151 373 Ψ
161 319 196 383 >
211 315 243 373 A
248 312 292 373 H.
342 312 375 374 et
398 316 430 374 A
441 314 479 373 Ψ
502 311 543 375 ad
570 333 667 375 unam
695 312 802 376 basim
829 313 988 398 polyedri,
1015 319 1048 379 A
1053 319 1093 380 H

71 419 182 480 autem
219 415 259 481 ad
297 416 499 500 superficiem
537 417 672 482 minoris
709 418 866 502 sphaerae
899 419 995 486 ducta
1028 428 1086 487 est.

71 545 172 607 quare
195 522 386 607 polyedrum
409 522 568 588 minorem
591 524 765 608 sphaeram
785 524 959 590 secundum
979 549 1088 612 super-

71 629 178 695 ficiem
200 650 267 694 non
290 627 446 715 tanget.¹)

138 733 229 821 Ergo
254 735 338 800 datis
363 736 486 801 duabus
511 737 658 821 sphaeris
689 737 808 802 circum
833 739 917 803 idem
942 743 1089 805 centrum

71 842 189 927 positis
217 842 251 906 in
280 843 435 907 maiorem
458 843 630 926 sphaeram
659 844 800 909 solidum
828 846 1018 929 polyedrum
1041 848 1090 911 ita

72 949 267 1032 inscriptum
287 952 345 1032 est,
364 954 400 1014 ut
418 949 577 1015 minorem
597 950 768 1034 sphaeram
788 951 963 1016 secundum
978 974 1090 1037 super-

74 1056 181 1121 ficiem
203 1077 270 1120 non
293 1058 423 1141 tangat3
447 1056 532 1139 quod
557 1057 730 1141 oportebat
752 1057 831 1123 fieri.

447 1283 719 1352 Corollarium.

142 1409 201 1476 Sin
228 1411 328 1475 ctiam
355 1411 389 1474 in
417 1411 517 1476 aliam
545 1411 716 1496 sphaeram
745 1412 850 1477 solido
875 1413 1033 1497 polyedro
1057 1413 1092 1479 in

75 1516 214 1602 sphaera
242 1520 375 1581 ΒΓΔΕ
405 1516 561 1601 inscripto
595 1517 700 1581 simile
732 1519 925 1602 polyedrum
953 1520 1092 1585 solidum

75 1623 345 1708 inscripserimus‚
369 1624 508 1689 solidum
530 1623 723 1708 polyedrum
746 1625 781 1689 in
804 1627 941 1711 sphaera
960 1630 1095 1691 ΒΓΔΕ

74 1717 268 1813 inscriptum
296 1729 337 1794 ad
366 1729 506 1794 solidum
533 1729 723 1814 polyedrum
756 1730 789 1795 in
818 1732 923 1797 altera
953 1731 1092 1816 sphaera

74 1835 268 1919 inscriptum
299 1835 499 1918 triplicatam
531 1837 692 1902 rationem
723 1837 859 1903 habehit
896 1860 993 1922 quam
1026 1837 1093 1902 dia-

75 1945 199 2008 metrus
214 1942 372 2026 sphaerae
382 1944 516 2006 ΒΓΔΕ
523 1941 564 2007 ad
575 1942 769 2007 diametrum
780 1943 915 2008 alterius
926 1943 1092 2026 sphaerae.

76 2049 188 2114 solidis
217 2049 303 2113 enim
330 2047 365 2112 in
392 2048 577 2132 pyramides
600 2069 735 2114 numero
760 2049 912 2135 aequales
937 2053 970 2114 et
993 2048 1094 2114 simili

76 2155 148 2221 loco
171 2156 296 2240 positas
321 2155 433 2221 diuisis
463 2154 648 2239 pyramides
672 2155 794 2220 similes
818 2159 924 2220 erunt.
970 2156 1093 2220 similes

76 2267 186 2327 autem
209 2262 393 2347 pyramides
416 2262 617 2346 triplicatam
634 2261 742 2328 inter
740 2284 774 2327 sa
793 2263 955 2329 rationem
970 2262 1094 2327 habent

77 2390 175 2454 quam
189 2369 294 2434 latera
308 2368 572 2452 correspondent
563 2390 595 2432 ra
611 2370 715 2452 [prop.
724 2367 807 2433 VIH
821 2370 994 2451 coroll].i
982 2372 1094 2454 rtaque

76 2475 232 2561 pyramis,
250 2475 341 2541 cuius
360 2475 449 2540 basis
469 2479 519 2540 est
532 2475 787 2558 quadrilaterum
801 2479 958 2559 ΚΒΟΣ,
981 2481 1095 2541 uertex
1213 2470 1214 2474 ’

77 2585 188 2646 autem
210 2585 243 2645 A
270 2586 425 2665 punctum
453 2579 494 2645 ad
524 2580 726 2664 pyramidem
759 2580 795 2644 in
822 2581 927 2645 altera
956 2582 1095 2667 sphaera

78 2689 176 2753 simili
198 2688 271 2754 loco
295 2688 436 2772 positam
459 2687 659 2772 triplicatam
687 2687 847 2752 rationem
873 2688 973 2752 habet
997 2710 1094 2771 quam

78 2794 165 2859 latus
185 2795 440 2878 correspondens
459 2794 500 2859 ad
519 2794 605 2859 latus
624 2793 890 2878 correspondens,
908 2794 940 2857 h.
959 2816 976 2858 e
996 2816 1094 2878 quam

81 2905 143 2965 AB
167 2901 277 2966 radius
297 2900 465 2985 sphaeras,
488 2900 580 2965 cuius
600 2902 748 2985 centrum
767 2903 818 2964 est
837 2905 884 2983 A,
907 2899 948 2963 ad
967 2899 1095 2964 radium

151 3095 177 3163 1)
201 3093 279 3150 Idem
305 3091 380 3147 enim
404 3091 533 3147 similiter
556 3091 615 3147 fere
635 3091 669 3146 de
689 3090 789 3147 ceteris
807 3089 925 3146 basibus
944 3090 1027 3146 solidi
1047 3090 1096 3147 de-

78 3166 228 3220 monstrari
245 3166 348 3234 potest.

491 3297 584 3304 -2—0-
935 3291 1096 3299 *—

78 3380 105 3430 q.
179 3368 221 3417 17.
240 3357 466 3450 hpoatqdairV.
540 3366 582 3416 18.
601 3357 750 3430 ὁμοταγεῖς
768 3357 830 3414 BV.
910 3363 952 3413 20.
973 3355 1094 3413 εἰσί-νΒ.

149 3433 272 3504 πυραμὶς
290 3430 396 3504 cipotP.
482 3438 526 3487 21.
546 3432 717 3498 K&20V‚
737 3431 785 3484 sed
805 3447 874 3486 corr.
966 3435 1008 3486 23.
1028 3425 1095 3500 ὁμο·

79 3505 150 3574 cupi]
169 3505 195 3559 V
214 3505 292 3575 etB,
311 3505 360 3560 sed
378 3521 447 3560 corr.
467 3521 503 3559 m.
525 3509 548 3561 1.
621 3509 664 3558 26.
683 3502 748 3572 περὶ
766 3497 797 3557 τό
818 3503 872 3570 Bq.

132 3604 281 3657 Ermliead
297 3602 664 3667 wddflbegtflgw
898 3595 931 3646 16
