2468 3952
153 199 218 262 180
522 200 723 252 mmmm
742 197 792 271 ιμ’,

150 344 290 408 ΑΒΓΗ
312 338 377 425 άρα
399 340 544 428 πυραμὶς
566 340 650 426 πρὸς
672 340 734 429 τὴν
754 349 889 409 ΔΕΖΘ
907 345 1083 430 πυραμίδα
1101 368 1172 430 τρι-

150 442 314 514 πλασίονα
337 445 441 533 λόγον
465 452 530 534 ἔχει
554 445 637 534 ἤπερ
659 446 680 533 ἡ
705 453 771 514 ΒΓ
789 447 872 530 πρὸς
895 447 956 535 τὴν
979 455 1056 515 ΕΖ·
1087 449 1170 535 ὅπερ

150 558 218 621 ἔδει
242 556 354 635 δεῖξαι.

563 659 755 746 Πόρισμα.

114 807 129 856 ο
215 784 269 852 Ἐκ
301 785 342 870 δὴ
375 781 691 870 τούτουφανερόν,
724 785 775 852 ὅτι
802 785 856 851 καὶ
885 787 923 851 αί
947 784 1171 871 πολυγώνους

149 897 284 978 ἔχουσαι
320 889 454 976 βάσεις’
473 890 586 975 ὅμοιαι
617 894 801 977 πυραμίδες
837 888 920 976 πρὸς
952 889 1099 978 ἀλλήλας
1132 895 1169 960 ἐν

148 1002 358 1083 τριπλασίονι
387 997 477 1088 λόγῳ
501 999 565 1065 εἰσί
587 1001 656 1067 τών
679 998 855 1085 ὁμολόγων
878 1001 1042 1086 πλευρῶν.
1082 1002 1169 1067 διαι-

148 1107 314 1190 ρεθεισῶν
345 1102 409 1192 γάρ
446 1102 560 1171 αὐτῶν
592 1110 638 1186 είς
669 1104 729 1186 τὰς
760 1109 797 1173 ἐν
830 1102 945 1186 αὐταῖς
977 1109 1170 1192 πυραμίδας

147 1210 334 1296 τριγώνους
356 1210 471 1298 βάσεις
494 1210 635 1297 ἐχούσας
657 1216 702 1304 τῷ
726 1211 782 1278 καὶ
804 1210 844 1278 τὰ
866 1212 966 1298 ὅμοια
977 1211 1169 1297 πολύγωνα

98 1338 131 1386 10
149 1320 218 1384 τών
246 1316 378 1401 βάσεων
407 1323 454 1396 εἰς
481 1318 581 1404 ὅμοια
613 1324 760 1404 τρίγωνα
788 1321 994 1406 διαιρεῖσθαι
1025 1319 1081 1385 καὶ
1110 1327 1168 1387 ίσα

147 1426 193 1513 τῷ
216 1421 340 1509 πλήθει
362 1424 418 1491 καὶ
441 1424 588 1512 ὁμόλογα
607 1439 678 1504 τοῖς
702 1427 793 1505 ὅλοις
817 1431 907 1494 ἔσται
927 1424 972 1504 ώς
996 1423 1044 1513 [ἡ]
1065 1426 1104 1493 ἐν
1126 1429 1167 1514 τῇ

148 1529 243 1619 ἑτέρα
270 1534 330 1615 μία
357 1532 502 1619 πυραμὶς
528 1537 696 1618 τρίγωνον
723 1536 846 1618 ἔχουσα
873 1534 972 1619 βάσιν
995 1530 1081 1619 πρὸς
1103 1531 1167 1619 τὴν

148 1637 185 1703 ε’ν
208 1639 248 1724 τῇ
279 1637 374 1726 ἑτέρα
396 1643 478 1723 μίαν
499 1641 671 1724 πυραμίδα
693 1643 860 1724 τρίγωνον
884 1642 1029 1725 ἔχουσαν
1051 1637 1167 1725 βάσιν,

148 1745 255 1824 οὕτως
277 1744 332 1811 καὶ
357 1744 482 1811 ἅπασαι
505 1746 544 1810 αί
564 1745 601 1811 ἐν
624 1747 663 1832 τῇ
676 1744 779 1833 ,ἑτέρᾳ
797 1749 960 1831 πυραμίδι
979 1749 1167 1832 πυραμίδες

96 1869 128 1919 15
147 1852 331 1936 τριγώνους
354 1834 490 1938 ἒγουσαι
513 1849 627 1935 βάσεις
648 1847 732 1936 πρὸς
753 1849 813 1930 τάς
832 1852 869 1918 ἐν
886 1854 926 1939 τῇ
947 1851 1042 1941 ἑτέρᾳ
1060 1875 1166 1938 πυρα-

148 1962 219 2042 μίδι
243 1962 432 2045 πυραμίδας
458 1946 644 2043 τριγώνους
670 1955 786 2042 βάσεις
808 1955 964 2044 ἐχούσας,
992 1959 1167 2028 τουτέστιν

149 2060 231 2150 αὐτὴ
260 2064 281 2150 ἡ
309 2063 510 2150 πολύγονον
537 2061 637 2149 βάσιν
671 2068 793 2150 ἔχουσα
819 2065 965 2150 πυραμὶς
991 2063 1077 2151 πρὸς
1102 2062 1168 2151 τὴν

148 2169 348 2255 πολύγωνον
371 2169 473 2255 βάσιν
497 2175 640 2257 ἔχουσαν
663 2174 844 2256 πυραμίδα.
890 2170 911 2256 ἡ
936 2170 974 2238 δὲ
996 2175 1167 2259 τρίγωνον

149 2274 249 2361 βάσιν
264 2280 386 2363 ἔχουσα
400 2276 544 2361 πυραμίς
558 2273 641 2361 πρὸς
654 2273 716 2360 τὴν
731 2281 898 2361 τρίγωνον
910 2277 1009 2364 βάσιν
1019 2281 1167 2365 ἔχουσαν

120 2383 186 2450 ιέν
208 2385 417 2468 τριπλασίονι
441 2379 531 2470 λόγῳ
551 2380 619 2448 ἐστὶ
637 2391 705 2448 τών
724 2380 899 2468 ὁμολόγων
917 2391 1086 2470 πλευρῶν·
1110 2385 1167 2452 καὶ

147 2485 168 2574 ἡ
189 2487 390 2570 πολύγωνον
408 2487 472 2572 άρα
491 2485 592 2572 βάσιν
611 2492 734 2574 ἔχουσα
747 2486 831 2574 πρὸς
844 2485 906 2574 τὴν
921 2487 1043 2574 ὁμοίαν
1062 2489 1167 2575 βάσιν

148 2598 292 2679 ἔχουσαν
318 2598 538 2681 τριπλασίονα
561 2593 664 2679 λόγον
688 2599 754 2680 ἔχει
776 2592 860 2680 ἥπερ
884 2592 905 2680 ἡ
928 2593 1055 2682 πλευρά
1082 2594 1167 2685 πρὸς

147 2701 209 2784 τὴν
232 2697 388 2784 πλευράν.

631 2822 680 2891 θ’.

95 2966 128 3016 25
220 2950 303 3014 Τών
327 2955 427 3015 ἴσον
445 2952 679 3034 πυραμίδων
697 2947 762 3015 καὶ
780 2947 1002 3034 τριγώνους
1025 2946 1167 3034 βάσεις

148 3055 326 3141 ἑχουσών
341 3051 687 3123 ἀντιπεπόνθασιν
701 3057 744 3121 αί
755 3053 890 3140 βάσεις
903 3067 987 3134 τοῖς
1001 3055 1165 3136 ὕψεσιν·

219 3257 243 3305 2.
264 3245 348 3322 ὅπερ]
368 3248 479 3319 punctis
499 3249 554 3303 del.
574 3249 607 3302 V.
697 3257 722 3306 3.
743 3247 802 3304 ἔδει
821 3250 925 3321 δεῖξαι]
946 3266 1000 3305 om.
1020 3249 1055 3306 V.

147 3327 172 3375 4.
193 3319 329 3392 πόρισμα]
349 3338 402 3377 om.
422 3339 449 3391 q.
530 3315 593 3387 πάρ.
613 3352 644 3359 -
665 3327 709 3376 23.
728 3321 866 3392 πλευράν]
887 3339 943 3391 mg.
963 3339 1000 3376 m.
1021 3327 1036 3375 1
1056 3323 1086 3378 Ρ.

147 3398 171 3446 5.
193 3389 236 3464 αί]
256 3409 310 3447 om.
330 3411 356 3461 q.
436 3397 460 3446 7.
481 3389 552 3446 εἰσίν
570 3392 628 3446 ΡΒ.
711 3397 735 3446 8.
756 3387 799 3462 ἐν]
820 3409 874 3448 om.
894 3391 927 3446 V.
1019 3388 1110 3456 αὐτάς
1128 3394 1165 3464 V,

147 3457 246 3526 αὐτοῖς
264 3481 290 3531 q.
409 3470 451 3518 10.
471 3463 536 3535 καί]
556 3465 605 3516 καὶ
624 3460 665 3525 είς
683 3461 717 3518 V.
836 3469 878 3519 11.
897 3461 928 3534 ἡ]
949 3479 1002 3519 om.
1023 3463 1054 3518 P.

148 3538 189 3587 12.
210 3531 361 3604 τριγώνους
380 3537 408 3589 et
428 3531 524 3608 βάσεις
546 3534 575 3602 V,
595 3550 664 3590 corr.
684 3552 721 3590 m.
741 3539 764 3586 1.
853 3541 894 3591 13.
914 3535 984 3605 μίαν
1001 3535 1164 3608 πυραμίδα]
