2468 3952
367 223 641 276 anauauronuu
658 225 768 276 arnna
785 226 832 279 xi.
1040 223 1102 287 131

506 401 691 466 XXXVIII.

152 506 191 590 ‘Si
214 526 248 591 in
271 523 385 612 cub01)
409 527 514 591 latera
536 527 706 612 planorum
726 527 810 591 inter
829 549 862 591 se
878 529 1103 612 opposItorum

86 634 122 698 in
141 633 221 698 duas
239 637 350 716 partes
371 634 520 718 aequales
539 636 699 717 secantur,
723 637 755 699 et
773 655 831 717 per
848 638 968 718 puncta
987 636 1101 700 sectio-

85 762 165 805 num
196 741 295 824 plana
326 740 499 825 ducuntur,
531 739 710 805 communis
740 740 911 823 planorum
941 742 1041 807 sectio
1069 746 1103 807 et

86 846 162 911 cubi
189 846 366 910 diametrus
395 846 480 910 inter
508 867 542 910 se
569 845 604 909 in
631 845 710 910 duas
738 848 848 929 partes
877 847 1027 930 aequales
1056 868 1103 911 se·

87 952 215 1018 eabunt.

153 1057 240 1123 Nam
263 1059 298 1150 in
321 1059 403 1124 cubo
428 1063 492 1122 ΑΖ
515 1059 619 1123 latera
641 1058 813 1143 planorum
836 1059 922 1123 inter
946 1080 979 1123 se
1003 1080 1102 1142 oppo-

86 1165 223 1229 sitorum
252 1167 328 1249 ΓΖ,
360 1169 426 1229 Ao
455 1165 490 1228 in
521 1165 600 1230 duas
632 1167 742 1248 partes
774 1164 924 1248 aequales
953 1168 1102 1229 secentur

85 1272 120 1336 in
142 1271 271 1355 punctis
294 1275 340 1354 K,
364 1274 409 1355 A,
432 1275 484 1356 M,
506 1275 554 1354 N,
576 1270 617 1355 Ξ,
640 1276 688 1354 Π,
713 1274 753 1354 0,
781 1274 820 1355 Ρ,
848 1273 881 1334 et
902 1292 960 1354 per
982 1275 1101 1355 puncta

85 1378 266 1442 sectionum
290 1378 387 1461 plana
406 1377 564 1442 ducantur
582 1380 669 1461 ΚΝ,
688 1377 759 1461 ΞΡ,
779 1379 812 1441 et
830 1378 1009 1442 eommunis
1031 1378 1099 1462 pla-

84 1504 201 1548 norum
233 1484 333 1549 sectio
363 1484 408 1548 sit
432 1488 508 1567 ΤΣ,
538 1484 714 1548 diametrus
739 1487 847 1548 autern
871 1483 945 1548 cubi
968 1488 1001 1545 Α
1007 1488 1033 1546 Ζ
1058 1483 1100 1548 sit

86 1593 168 1654 AH.
214 1589 293 1673 dico,
318 1612 387 1655 esse
415 1594 531 1654 YT=
550 1594 627 1673 ΤΣ,
652 1595 685 1654 A
694 1594 724 1654 T
734 1620 775 1641 =
800 1593 872 1653 ΤΗ.

152 1696 310 1761 ducantur
334 1697 420 1761 enirn
445 1702 524 1780 AY,
551 1700 623 1779 ΥΕ,
653 1701 732 1780 ΒΣ,
756 1699 836 1761 ΣΗ.
888 1698 922 1759 et
945 1697 1099 1779 quoniam

84 1802 152 1875 ΔΞ
181 1807 288 1867 rectae
318 1806 384 1866 OE
414 1803 571 1887 parallelo
605 1806 668 1885 est,
702 1802 813 1887 anguli
841 1802 960 1866 alterni
989 1801 1101 1885 ΔΞΥ,

88 1911 184 1972 ΥΟΕ
205 1910 289 1973 inter
314 1930 347 1973 se
372 1910 522 1993 aequales
546 1912 621 1973 sunt
646 1909 771 1990 [1,29].
804 1931 821 1973 e
861 1907 1015 1993 quoniam
1035 1907 1103 1980 ΔΞ

84 2045 127 2068 =
144 2018 219 2098 OE,
248 2013 367 2087 ,ΞΥ-τ
386 2019 461 2100 ΥΟ,
490 2018 522 2080 et
549 2015 700 2098 aequales
729 2015 866 2099 angulos
891 2014 1100 2099 eomprehen-

84 2121 180 2205 dunt,
212 2122 275 2185 erit
308 2126 512 2185 Ar=rE
543 2125 575 2187 et
602 2121 885 2204 ΛΞΥι-ΟῬΕ,
918 2125 951 2184 et
981 2120 1100 2204 reliqui

84 2228 198 2312 anguli
215 2226 348 2310 reliquis
364 2228 515 2311 aequales
532 2229 561 2308 [I
566 2279 574 2312 ,
588 2229 633 2310 4].
664 2230 772 2312 ltaque
792 2233 813 2304 λ,
826 2227 927 2302 ΞΥΔ
937 2257 980 2279 --
992 2231 1021 2290 0
1030 2231 1098 2290 ΥΕ.

83 2355 183 2418 quare
205 2337 295 2400 recta
319 2338 368 2399 est
391 2339 495 2400 Ara
516 2334 555 2419 [I,
580 2337 645 2415 14].
683 2335 794 2400 eadem
818 2335 856 2399 de
880 2355 978 2400 causa
997 2333 1096 2397 etiam

156 2529 182 2593 1)
205 2527 237 2580 ln
260 2525 314 2581 hac
337 2525 477 2595 scriptura
493 2527 598 2581 tuenda
617 2527 795 2582 consentiunt
813 2527 984 2597 Campanus,
1008 2525 1098 2580 Bono·

81 2595 198 2665 niensis,
216 2596 372 2652 Vaticanus
387 2598 423 2665 P,
442 2614 612 2666 quamquam
630 2598 660 2651 in
678 2599 731 2652 hoc
749 2597 854 2667 legitur
872 2617 928 2668 mg.
948 2616 985 2651 m.
1007 2602 1034 2650 1:
1054 2617 1095 2666 γρ.

81 2663 136 2723 ἐὰν
162 2669 277 2736 στερεοῦ
300 2666 591 2736 παραλληλεπιπέδου.
638 2685 703 2723 sane
723 2670 821 2722 eadem
840 2667 1042 2724 demonstratio
1062 2668 1097 2722 de

80 2739 183 2808 quouis
201 2739 443 2809 parallelepipedo
460 2738 547 2808 ualet,
566 2740 615 2794 sed
634 2757 696 2793 cum
715 2740 870 2810 propositio
891 2741 925 2794 de
945 2740 1016 2794 cubo
1035 2738 1096 2792 solo

81 2811 276 2865 demonstrata
297 2809 483 2892 propositioni
503 2816 535 2864 17
554 2809 620 2864 libri
638 2810 715 2877 XIII,
742 2813 786 2864 cui
810 2811 863 2864 soli
885 2809 1004 2866 inseruit
1025 2810 1096 2862 haec

80 2883 178 3006 ἷιθοιξιπ
194 2882 360 3006 prqposrtio,
381 2882 564 2950 satisfaceret,
588 2880 719 2936 Euclides
737 2883 790 2936 hoc
809 2881 1011 2950 casu'speciali
1030 2895 1096 2934 con-

112 2970 130 3005 n
145 2969 176 3006 us
206 2970 257 3007 ιιι.

155 3116 196 3165 14.
216 3107 357 3234 Illlssffln·
377 3110 407 3167 F.
480 3113 549 3183 ΒΣ]
569 3129 638 3167 corr.
658 3129 692 3167 ex
711 3115 765 3165 ΒΕ
783 3130 819 3164 m.
840 3118 854 3163 2
874 3112 904 3165 F.
988 3115 1029 3164 15.
1050 3106 1094 3180 αἱ]

81 3188 256 3251 supram.1
300 3226 305 3238 .
363 3189 404 3237 16.
423 3179 470 3253 ul]
491 3199 545 3238 om.
560 3182 590 3237 F.
646 3182 704 3237 εἰσί
713 3182 747 3249 V,
767 3199 857 3251 comp.
875 3183 905 3236 F.
963 3186 1005 3236 17.
1026 3182 1093 3251 OE]

82 3255 138 3309 ΘΕ
151 3253 181 3308 F.
239 3259 280 3308 18.
300 3252 462 3322 περιέχουσι
476 3253 509 3308 V.
565 3254 611 3324 τη]
626 3251 708 3324 βάσει
725 3253 759 3324 πῇ
774 3251 834 3308 FV.
909 3259 950 3306 19.
970 3254 1015 3320 ἴση
1035 3247 1097 3306 ἔστί

80 3325 115 3379 v.
179 3311 258 3379 ion
276 3324 312 3390 Β;
333 3327 445 3379 orn·
461 3323 496 3391 n
517 3328 609 3392 oar,
629 3342 661 3378 su
681 3341 713 3378 ra
732 3327 787 3378 ar
804 3340 866 3390 ras,
881 3323 914 3377 v.
975 3329 1017 3378 ιο.
1033 3325 1094 3377 aa

80 3391 158 3452 ἐστίν
176 3397 207 3451 Β.
272 3401 313 3450 21.
334 3396 404 3467 ἴσαι]
425 3412 480 3451 orn.
500 3397 561 3462 BF3
581 3397 640 3450 ἴσαι
660 3344 771 3449 louvrea
791 3388 911 3463 ἑκατέρα
931 3389 1050 3469 ἑκατέρᾳ
1059 3394 1093 3448 V.

165 3491 206 3540 22.
227 3486 327 3556 ΟΤΕ]
350 3470 436 3540 ΫΟΕ
455 3483 490 3550 Β;
510 3501 594 3552 supra
615 3487 668 3538 ΤΕ
687 3483 750 3538 add.
771 3512 795 3525 ··
815 3486 844 3537 et
862 3512 868 3525 ·
887 3502 924 3537 m.
945 3485 1006 3538 2F.

81 3561 125 3612 23.
144 3551 204 3611 ἐστι
221 3554 283 3623 PV,
302 3573 392 3625 comp.
411 3554 441 3610 X.
514 3555 571 3626 ἴση]
593 3571 677 3625 supra
696 3571 747 3608 scr.
767 3573 802 3608 m.
823 3555 881 3608 ΞΒ.

898 3644 935 3696 9*
