2468 3952
73 166 76 171 ’
119 203 183 267 100
492 203 693 255 ετοιιτιιιιιιι
712 198 762 255 ια’.

185 343 467 432 Παραβεβλήσθω
495 349 560 432 γάρ
588 348 676 433 παρὰ
706 372 768 431 την
798 351 865 411 ΖΗ
891 348 937 435 τῷ
961 350 1031 409 ΑΕ
1057 350 1135 410 ίσον

118 455 155 520 τὸ
181 459 256 537 ΖΘ,
286 452 341 518 καὶ
365 449 430 519 άπὸ
459 451 587 537 βάσεως
610 452 671 538 μὲν
694 456 752 536 τῆς
775 459 851 536 ΖΘ,
879 448 988 530 δίψους
1011 449 1049 517 δὲ
1072 452 1134 516 τοῦ

119 557 226 626 αὐτοῦ
257 563 302 650 τῷ
328 563 393 624 ΓΔ
421 561 557 646 στερεὸν
585 561 917 645 παραλληλεπίπεδον
946 564 1136 642 συμπεπλη-

118 663 242 752 ρώσθω
265 689 302 732 το
326 671 408 733 ΗΚ.
437 673 513 732 ἴσον
538 663 579 750 δή
604 666 672 732 ἐστι
696 667 732 731 τὸ
749 672 813 731 ΑΒ
838 683 973 752 στερεον
996 673 1042 754 τῷ
1063 668 1138 729 HK

84 775 253 860 οστερεῷ·
284 773 340 838 ἐπί
363 796 399 837 τε
421 797 486 856 γαρ
515 778 599 836 ίσων
627 769 760 855 βάσεών
784 774 848 837 είσι
871 773 938 836 τῶν
962 775 1044 855 ΑΕ,
1074 775 1137 836 ΖΘ

118 877 174 943 καλ
201 874 266 944 ὑπὸ
295 874 333 943 τδ
363 873 445 944 αάτο
475 877 570 957 ὕψος.
615 878 671 944 καί
694 877 764 945 ἐπεὶ
787 879 925 964 στερεὸν
947 883 1136 963 παραλληλ-

119 987 276 1050 επίπεδον
299 985 337 1051 τὸ
358 988 425 1050 ΓΚ
443 984 586 1073 ἐπιπέδῳ
605 988 650 1074 τῷ
672 991 748 1051 ΔΗ
761 985 915 1069 τέτμηται
933 982 1135 1074 παραλλήλῳ

120 1088 193 1157 ὄντι
216 1103 287 1168 τοῖς
309 1087 514 1157 ἀπεναντίον
537 1092 720 1176 ἐπιπέδοις,
749 1095 839 1158 ἔστιν
868 1089 934 1177 άρα
962 1087 1006 1169 ὡς
1029 1087 1051 1175 ἡ
1075 1095 1136 1156 ΓΖ

118 1197 214 1280 βάσις
245 1198 330 1284 πρὸς
360 1221 423 1282 την
451 1203 513 1263 ΖΘ
544 1197 660 1283 βάσιν,
693 1194 800 1275 οὕτως
830 1222 869 1264 το
898 1202 967 1263 ΓΔ
997 1195 1136 1284 στερεὸν

73 1317 99 1366 [0
118 1304 202 1388 πρδς
232 1304 271 1369 τὸ
300 1310 367 1369 ΔΘ
400 1302 546 1391 στερεόν.
598 1311 652 1388 ίση
681 1303 720 1371 δὲ
746 1301 768 1388 ἡ
796 1302 857 1388 μὲν
886 1310 948 1370 ΖΘ
974 1303 1070 1388 βάσις
1097 1314 1138 1392 τῇ

119 1415 186 1474 ΑΕ
207 1407 317 1494 βάσει,
340 1411 378 1476 τὸ
404 1408 441 1476 δὲ
464 1416 538 1476 ΗΚ
560 1411 697 1496 στερεὸν
719 1413 764 1500 τῷ
790 1417 854 1476 ΑΒ
878 1414 1013 1502 στερεῷ·
1045 1415 1136 1478 ἔστιν

118 1512 184 1601 άρα
207 1514 263 1579 καί
291 1511 336 1593 ὦς
358 1513 379 1600 ἡ
404 1523 473 1583 ΑΕ
495 1514 592 1600 βάσις
614 1518 698 1602 πρὸς
721 1518 782 1601 τὴν
806 1522 866 1583 ΓΖ
889 1515 1000 1602 βάσιν,
1030 1515 1137 1598 οὕτως

117 1621 154 1686 τὸ
180 1624 245 1686 ΑΒ
269 1623 405 1709 στερεὸν
429 1623 513 1708 πρὸς
536 1623 573 1688 τδ
598 1626 663 1687 ΓΛ
687 1620 831 1706 στερεόν.

189 1729 237 1793 Τά
260 1725 326 1816 άρα
348 1726 414 1795 ὑπὸ
438 1730 476 1796 τὸ
501 1725 584 1794 αὐτὸ
607 1726 694 1808 ὕψος
714 1727 795 1795 ὅντα
815 1732 930 1815 στερεὰ
949 1737 1136 1816 παραλληλ-

73 1849 98 1897 ισ
118 1837 256 1901 επίπεδα
284 1837 367 1922 πρὸς
395 1831 523 1919 άλληλά
552 1835 642 1901 ἐστιν
671 1832 715 1914 ὡς
739 1838 776 1901 αί
800 1834 928 1920 βάσεις·
962 1833 1043 1922 ὅπερ
1067 1843 1136 1906 ἔδει

119 1942 232 2020 δείξαι.

596 2031 658 2115 λη’.

189 2136 241 2201 Τά
266 2131 384 2220 ὅμοια
404 2138 542 2222 στερεά
562 2141 934 2222 παραλληλεπίπεδα
952 2140 1049 2225 πρὸς
1069 2137 1137 2207 άλ-

119 2246 216 2324 ληλα
246 2243 286 2306 ἐν
314 2246 569 2326 τριπλασίονι
600 2240 702 2332 λόγῳ
727 2242 805 2309 εἰσὶ
827 2246 903 2311 τῶν
927 2241 1137 2330 ὁμολόγων
1168 2238 1172 2253 '

73 2363 100 2412 ιο
118 2349 308 2431 πλευρῶν.

176 2448 285 2518 Ἔστω
310 2448 412 2536 ὅμοια
435 2454 550 2538 στερεά
569 2460 882 2541 παραλληλεπίπεδα
900 2459 940 2523 τὰ
960 2465 1040 2541 ΑΒ,
1060 2465 1137 2544 ΓΔ,

120 2555 282 2642 ὁμόλογος
311 2556 348 2624 δὲ
376 2562 459 2625 ἔστω
487 2556 507 2645 ἡ
536 2567 605 2626 ΑΕ
630 2564 669 2648 τῇ
698 2566 772 2628 ΓΖ·
800 2564 900 2648 λέγω,
929 2560 981 2630 ὅτι
1007 2590 1045 2632 το
1071 2573 1136 2632 ΑΒ

119 2665 255 2748 στερεὸν
278 2665 362 2750 πρὸς
386 2666 423 2731 τὸ
443 2670 510 2732 ΓΔ
534 2669 669 2750 στερεὸν
692 2675 912 2752 τριπλασίονα
935 2669 1039 2755 λόγον
1058 2676 1136 2758 ἔχει,

119 2765 202 2855 ἤπερ
226 2766 246 2855 ἡ
272 2777 339 2836 ΑΕ
359 2773 442 2857 πρὸς
464 2773 526 2858 τὴν
550 2779 619 2839 ΓΖ.

73 2893 101 2942 ιὸ
183 2873 485 2963 Ἐκβεβλήσθωσαν
512 2881 576 2964 γάρ
606 2876 655 2946 ἐπ’
686 2878 821 2963 εὐθείας
848 2897 920 2964 ταῖς
942 2892 1028 2971 ΑΕ,
1052 2892 1136 2972 ΗΕ,

122 2988 186 3048 ΘΕ
207 2985 244 3049 αί
260 2991 342 3068 ΕΚ,
367 2991 448 3069 ΕΛ,
468 2990 556 3068 EM,
580 2985 635 3051 καί
658 2992 784 3054 κείσθω
807 2993 847 3078 τῇ
871 2989 933 3076 μὲν
952 2996 1011 3057 ΓΖ
1036 2999 1091 3078 ἴση
1116 2989 1137 3078 ἡ

122 3095 204 3173 ΕΚ,
227 3092 267 3176 τῇ
292 3089 330 3156 δὲ
349 3096 416 3156 ΖΝ
440 3098 494 3176 ἴση
514 3087 535 3176 ἡ
555 3098 636 3177 ΕΛ,
660 3093 715 3160 καὶ
735 3099 781 3161 ἔτι
801 3099 839 3182 τῇ
860 3103 922 3162 ΖΡ
937 3093 1138 3183 ίσηὴΕΜ,

121 3196 176 3260 καὶ
210 3195 509 3283 συμπεπληρώσθω
539 3223 576 3263 το
605 3205 639 3264 Κ
643 3206 674 3265 Λ
707 3201 1054 3290 παραλληλόγραμμον
1082 3205 1138 3272 καὶ

122 3326 159 3366 το
184 3307 218 3366 Κ
222 3308 250 3366 O
273 3303 416 3386 στερεόν.
984 3330 987 3337 ’

77 3467 80 3474 ’
195 3466 218 3513 3.
238 3460 289 3532 τῷ]
309 3459 504 3530 τόροελὶιιε,
525 3465 657 3531 euan.F;
686 3483 839 3536 suprascr.
860 3468 892 3522 V.
984 3468 1033 3523 καὶ
1052 3480 1138 3541 σνμιτ.

123 3528 149 3582 b.
218 3537 242 3584 4.
259 3529 335 3585 ἐστιν
354 3533 384 3587 Ρ.
454 3539 479 3588 ὅ.
498 3534 540 3605 τε]
561 3553 614 3591 om.
635 3537 660 3590 b.
735 3535 799 3608 είοι]
822 3535 879 3593 ἐστι
899 3540 928 3608 Β,
949 3557 1004 3595 om.
1022 3541 1082 3597 FV.
