<?xml version="1.0" encoding="UTF-8"?>
<!DOCTYPE html PUBLIC "-//W3C//DTD XHTML 1.0 Transitional//EN"
    "http://www.w3.org/TR/xhtml1/DTD/xhtml1-transitional.dtd">
<html xmlns="http://www.w3.org/1999/xhtml" xml:lang="en" lang="en">
 <head>
  <title>
</title>
<meta http-equiv="Content-Type" content="text/html;charset=utf-8" />
  <meta name='ocr-system' content='tesseract 3.04.00' />
  <meta name='ocr-capabilities' content='ocr_page ocr_carea ocr_par ocr_line ocrx_word'/>
</head>
<body>
  <div class='ocr_page' id='page_1' title='image "./euclidisoperaom00unkngoog_0092.png"; bbox 0 0 2468 3952; ppageno 0'>
   <div class='ocr_carea' id='block_1_1' title="bbox 372 211 1105 273">
    <p class='ocr_par' dir='ltr' id='par_1_1' title="bbox 372 211 1105 273">
     <span class='ocr_line' id='line_1_1' title="bbox 372 211 1105 273; baseline 0.016 -12"><span class='ocrx_word' id='word_1_1' title='bbox 372 211 647 263; x_wconf 75' lang='lat' dir='ltr'>nnnunuronnm</span> <span class='ocrx_word' id='word_1_2' title='bbox 664 214 773 263; x_wconf 81' lang='lat' dir='ltr'>mana</span> <span class='ocrx_word' id='word_1_3' title='bbox 791 214 837 266; x_wconf 88' lang='lat' dir='ltr'>x1.</span> <span class='ocrx_word' id='word_1_4' title='bbox 1067 211 1105 273; x_wconf 69' lang='lat'>77</span> 
     </span>
    </p>
   </div>
   <div class='ocr_carea' id='block_1_2' title="bbox 92 355 1108 866">
    <p class='ocr_par' dir='ltr' id='par_1_2' title="bbox 92 355 1108 866">
     <span class='ocr_line' id='line_1_2' title="bbox 92 355 1108 443; baseline -0.003 -21"><span class='ocrx_word' id='word_1_5' title='bbox 92 379 176 443; x_wconf 89' lang='lat' dir='ltr'>quae</span> <span class='ocrx_word' id='word_1_6' title='bbox 205 355 244 418; x_wconf 84' lang='lat' dir='ltr'>iis</span> <span class='ocrx_word' id='word_1_7' title='bbox 269 355 420 438; x_wconf 86' lang='lat' dir='ltr'>opposita</span> <span class='ocrx_word' id='word_1_8' title='bbox 451 359 539 437; x_wconf 89' lang='lat' dir='ltr'>sunt,</span> <span class='ocrx_word' id='word_1_9' title='bbox 571 357 721 438; x_wconf 87' lang='lat' dir='ltr'>aequalia</span> <span class='ocrx_word' id='word_1_10' title='bbox 742 360 816 419; x_wconf 88' lang='lat' dir='ltr'>sunt</span> <span class='ocrx_word' id='word_1_11' title='bbox 845 357 950 439; x_wconf 87' lang='lat' dir='ltr'><strong>[prop.</strong></span> <span class='ocrx_word' id='word_1_12' title='bbox 972 355 1108 436; x_wconf 59' lang='lat' dir='ltr'><strong>XXIV}</strong></span> 
     </span>
     <span class='ocr_line' id='line_1_3' title="bbox 92 459 1108 548; baseline -0.002 -20"><span class='ocrx_word' id='word_1_13' title='bbox 92 484 171 548; x_wconf 86' lang='lat' dir='ltr'>ergo</span> <span class='ocrx_word' id='word_1_14' title='bbox 196 467 269 526; x_wconf 90' lang='grc' dir='ltr'>ΛΠ</span> <span class='ocrx_word' id='word_1_15' title='bbox 282 492 323 514; x_wconf 85' lang='lat'>=</span> <span class='ocrx_word' id='word_1_16' title='bbox 339 466 407 526; x_wconf 90' lang='lat' dir='ltr'>KP</span> <span class='ocrx_word' id='word_1_17' title='bbox 418 492 459 514; x_wconf 91' lang='lat'>=</span> <span class='ocrx_word' id='word_1_18' title='bbox 474 459 581 544; x_wconf 67' lang='lat' dir='ltr'>Altl)</span> <span class='ocrx_word' id='word_1_19' title='bbox 632 461 742 524; x_wconf 84' lang='lat' dir='ltr'>eadem</span> <span class='ocrx_word' id='word_1_20' title='bbox 771 462 809 525; x_wconf 90' lang='lat' dir='ltr'>de</span> <span class='ocrx_word' id='word_1_21' title='bbox 833 484 931 526; x_wconf 85' lang='lat' dir='ltr'>eausa</span> <span class='ocrx_word' id='word_1_22' title='bbox 954 463 1017 526; x_wconf 88' lang='lat' dir='ltr'>erit</span> <span class='ocrx_word' id='word_1_23' title='bbox 1040 467 1108 526; x_wconf 85' lang='lat' dir='ltr'><em>EA</em></span> 
     </span>
     <span class='ocr_line' id='line_1_4' title="bbox 94 568 1106 653; baseline -0.004 -19"><span class='ocrx_word' id='word_1_24' title='bbox 94 602 136 623; x_wconf 94' lang='lat'>=</span> <span class='ocrx_word' id='word_1_25' title='bbox 152 573 238 634; x_wconf 89' lang='lat' dir='ltr'><em>AM</em></span> <span class='ocrx_word' id='word_1_26' title='bbox 248 573 350 632; x_wconf 88' lang='lat' dir='ltr'>=M</span> <span class='ocrx_word' id='word_1_27' title='bbox 357 572 390 633; x_wconf 87' lang='grc' dir='ltr'>Τ.</span> <span class='ocrx_word' id='word_1_28' title='bbox 448 571 558 653; x_wconf 86' lang='lat' dir='ltr'>itaque</span> <span class='ocrx_word' id='word_1_29' title='bbox 596 569 722 651; x_wconf 89' lang='lat' dir='ltr'>quoties</span> <span class='ocrx_word' id='word_1_30' title='bbox 756 568 925 651; x_wconf 80' lang='lat' dir='ltr'><strong>multiplex</strong></span> <span class='ocrx_word' id='word_1_31' title='bbox 962 572 1011 633; x_wconf 88' lang='lat' dir='ltr'>est</span> <span class='ocrx_word' id='word_1_32' title='bbox 1044 571 1106 631; x_wconf 85' lang='grc' dir='ltr'>ΛΖ</span> 
     </span>
     <span class='ocr_line' id='line_1_5' title="bbox 92 674 1106 758; baseline -0.003 -17"><span class='ocrx_word' id='word_1_33' title='bbox 92 677 181 741; x_wconf 88' lang='lat' dir='ltr'>basis</span> <span class='ocrx_word' id='word_1_34' title='bbox 210 676 299 740; x_wconf 89' lang='lat' dir='ltr'>basis</span> <span class='ocrx_word' id='word_1_35' title='bbox 323 682 355 738; x_wconf 91' lang='grc' dir='ltr'><em>Α</em></span> <span class='ocrx_word' id='word_1_36' title='bbox 361 679 402 758; x_wconf 94' lang='grc' dir='ltr'>Ζ,</span> <span class='ocrx_word' id='word_1_37' title='bbox 427 675 525 740; x_wconf 88' lang='lat' dir='ltr'>toties</span> <span class='ocrx_word' id='word_1_38' title='bbox 556 674 725 758; x_wconf 73' lang='lat' dir='ltr'>multiplex</span> <span class='ocrx_word' id='word_1_39' title='bbox 753 674 815 738; x_wconf 86' lang='lat' dir='ltr'>erit</span> <span class='ocrx_word' id='word_1_40' title='bbox 843 674 940 738; x_wconf 85' lang='lat' dir='ltr'>etiam</span> <span class='ocrx_word' id='word_1_41' title='bbox 969 674 1106 739; x_wconf 89' lang='lat' dir='ltr'>solidum</span> 
     </span>
     <span class='ocr_line' id='line_1_6' title="bbox 92 779 1108 866; baseline -0.003 -19"><span class='ocrx_word' id='word_1_42' title='bbox 92 787 162 847; x_wconf 77' lang='lat' dir='ltr'><em>AY</em></span> <span class='ocrx_word' id='word_1_43' title='bbox 182 782 276 846; x_wconf 87' lang='lat' dir='ltr'>solidi</span> <span class='ocrx_word' id='word_1_44' title='bbox 300 788 332 846; x_wconf 92' lang='lat' dir='ltr'><em>A</em></span> <span class='ocrx_word' id='word_1_45' title='bbox 339 787 373 845; x_wconf 74' lang='lat' dir='ltr'>Y.</span> <span class='ocrx_word' id='word_1_46' title='bbox 411 782 523 846; x_wconf 87' lang='lat' dir='ltr'>eadem</span> <span class='ocrx_word' id='word_1_47' title='bbox 547 781 585 846; x_wconf 90' lang='lat' dir='ltr'>de</span> <span class='ocrx_word' id='word_1_48' title='bbox 610 804 707 847; x_wconf 84' lang='lat' dir='ltr'>causa</span> <span class='ocrx_word' id='word_1_49' title='bbox 726 781 851 866; x_wconf 88' lang='lat' dir='ltr'>quoties</span> <span class='ocrx_word' id='word_1_50' title='bbox 870 779 1039 863; x_wconf 80' lang='lat' dir='ltr'>multiplex</span> <span class='ocrx_word' id='word_1_51' title='bbox 1058 783 1108 844; x_wconf 91' lang='lat' dir='ltr'>est</span> 
     </span>
    </p>
   </div>
   <div class='ocr_carea' id='block_1_3' title="bbox 91 886 1108 1700">
    <p class='ocr_par' dir='ltr' id='par_1_3' title="bbox 91 886 1108 1700">
     <span class='ocr_line' id='line_1_7' title="bbox 95 886 1108 972; baseline -0.005 -18"><span class='ocrx_word' id='word_1_52' title='bbox 95 891 186 955; x_wconf 90' lang='lat' dir='ltr'>basis</span> <span class='ocrx_word' id='word_1_53' title='bbox 210 891 278 952; x_wconf 91' lang='grc' dir='ltr'>ΝΖ</span> <span class='ocrx_word' id='word_1_54' title='bbox 302 889 389 953; x_wconf 86' lang='lat' dir='ltr'>basis</span> <span class='ocrx_word' id='word_1_55' title='bbox 414 893 487 971; x_wconf 91' lang='grc' dir='ltr'>ΖΘ,</span> <span class='ocrx_word' id='word_1_56' title='bbox 510 888 609 953; x_wconf 89' lang='lat' dir='ltr'>toties</span> <span class='ocrx_word' id='word_1_57' title='bbox 634 887 805 972; x_wconf 80' lang='lat' dir='ltr'>multiplex</span> <span class='ocrx_word' id='word_1_58' title='bbox 829 888 891 951; x_wconf 88' lang='lat' dir='ltr'>erit</span> <span class='ocrx_word' id='word_1_59' title='bbox 913 887 1010 950; x_wconf 89' lang='lat' dir='ltr'>etiam</span> <span class='ocrx_word' id='word_1_60' title='bbox 1035 886 1108 950; x_wconf 86' lang='lat' dir='ltr'>soli-</span> 
     </span>
     <span class='ocr_line' id='line_1_8' title="bbox 93 993 1108 1076; baseline -0.004 -16"><span class='ocrx_word' id='word_1_61' title='bbox 93 997 170 1061; x_wconf 92' lang='lat' dir='ltr'>dum</span> <span class='ocrx_word' id='word_1_62' title='bbox 198 999 237 1059; x_wconf 92' lang='lat' dir='ltr'><strong><em>N</em></strong></span> <span class='ocrx_word' id='word_1_63' title='bbox 241 1001 270 1058; x_wconf 80' lang='lat' dir='ltr'><em>Y</em></span> <span class='ocrx_word' id='word_1_64' title='bbox 299 995 393 1059; x_wconf 91' lang='lat' dir='ltr'>solidi</span> <span class='ocrx_word' id='word_1_65' title='bbox 421 1000 490 1060; x_wconf 74' lang='grc' dir='ltr'>ΘΥ.</span> <span class='ocrx_word' id='word_1_66' title='bbox 550 999 583 1059; x_wconf 93' lang='lat' dir='ltr'>et</span> <span class='ocrx_word' id='word_1_67' title='bbox 616 996 642 1058; x_wconf 89' lang='lat' dir='ltr'>si</span> <span class='ocrx_word' id='word_1_68' title='bbox 671 998 735 1058; x_wconf 89' lang='grc' dir='ltr'>ΛΖ</span> <span class='ocrx_word' id='word_1_69' title='bbox 750 1025 792 1046; x_wconf 95' lang='lat'>=</span> <span class='ocrx_word' id='word_1_70' title='bbox 807 999 844 1059; x_wconf 93' lang='lat' dir='ltr'><strong><em>N</em></strong></span> <span class='ocrx_word' id='word_1_71' title='bbox 847 998 887 1076; x_wconf 88' lang='lat' dir='ltr'>Z,</span> <span class='ocrx_word' id='word_1_72' title='bbox 920 993 980 1058; x_wconf 88' lang='lat' dir='ltr'>erit</span> <span class='ocrx_word' id='word_1_73' title='bbox 1008 993 1108 1056; x_wconf 88' lang='lat' dir='ltr'>etiam</span> 
     </span>
     <span class='ocr_line' id='line_1_9' title="bbox 95 1100 1107 1183; baseline -0.005 -16"><span class='ocrx_word' id='word_1_74' title='bbox 95 1106 164 1167; x_wconf 76' lang='lat' dir='ltr'>An</span> <span class='ocrx_word' id='word_1_75' title='bbox 176 1133 217 1154; x_wconf 89' lang='lat'>=</span> <span class='ocrx_word' id='word_1_76' title='bbox 231 1107 313 1183; x_wconf 75' lang='grc' dir='ltr'>ΝΤ,</span> <span class='ocrx_word' id='word_1_77' title='bbox 332 1102 382 1166; x_wconf 88' lang='lat' dir='ltr'>sin</span> <span class='ocrx_word' id='word_1_78' title='bbox 401 1105 464 1165; x_wconf 91' lang='grc' dir='ltr'>ΛΖ</span> <span class='ocrx_word' id='word_1_79' title='bbox 478 1112 512 1174; x_wconf 92' lang='grc'>&gt;</span> <span class='ocrx_word' id='word_1_80' title='bbox 527 1104 608 1183; x_wconf 90' lang='grc' dir='ltr'>ΝΖ,</span> <span class='ocrx_word' id='word_1_81' title='bbox 627 1102 689 1165; x_wconf 88' lang='lat' dir='ltr'>erit</span> <span class='ocrx_word' id='word_1_82' title='bbox 708 1102 808 1166; x_wconf 88' lang='lat' dir='ltr'>etiam</span> <span class='ocrx_word' id='word_1_83' title='bbox 826 1106 939 1173; x_wconf 77' lang='lat' dir='ltr'>An&gt;</span> <span class='ocrx_word' id='word_1_84' title='bbox 954 1103 1038 1182; x_wconf 81' lang='lat' dir='ltr'>Nn,</span> <span class='ocrx_word' id='word_1_85' title='bbox 1057 1100 1107 1163; x_wconf 89' lang='lat' dir='ltr'>sin</span> 
     </span>
     <span class='ocr_line' id='line_1_10' title="bbox 93 1205 1108 1290; baseline -0.004 -16"><span class='ocrx_word' id='word_1_86' title='bbox 93 1214 203 1274; x_wconf 90' lang='lat' dir='ltr'>autem</span> <span class='ocrx_word' id='word_1_87' title='bbox 222 1213 253 1272; x_wconf 91' lang='lat' dir='ltr'><em>A</em></span> <span class='ocrx_word' id='word_1_88' title='bbox 261 1212 287 1271; x_wconf 94' lang='grc' dir='ltr'><strong>Ζ</strong></span> <span class='ocrx_word' id='word_1_89' title='bbox 301 1218 336 1281; x_wconf 95' lang='grc'>&lt;</span> <span class='ocrx_word' id='word_1_90' title='bbox 350 1212 430 1290; x_wconf 91' lang='grc' dir='ltr'>ΝΖ,</span> <span class='ocrx_word' id='word_1_91' title='bbox 453 1207 516 1271; x_wconf 90' lang='lat' dir='ltr'>erit</span> <span class='ocrx_word' id='word_1_92' title='bbox 535 1211 566 1270; x_wconf 88' lang='lat' dir='ltr'><em>A</em></span> <span class='ocrx_word' id='word_1_93' title='bbox 575 1212 603 1270; x_wconf 72' lang='grc' dir='ltr'><em>Τ</em></span> <span class='ocrx_word' id='word_1_94' title='bbox 615 1217 649 1279; x_wconf 96' lang='grc'>&lt;</span> <span class='ocrx_word' id='word_1_95' title='bbox 663 1210 701 1270; x_wconf 93' lang='lat' dir='ltr'><em>N</em></span> <span class='ocrx_word' id='word_1_96' title='bbox 706 1212 740 1271; x_wconf 81' lang='lat' dir='ltr'>Y.</span> <span class='ocrx_word' id='word_1_97' title='bbox 771 1207 882 1290; x_wconf 89' lang='lat' dir='ltr'>itaque</span> <span class='ocrx_word' id='word_1_98' title='bbox 906 1205 991 1271; x_wconf 82' lang='lat' dir='ltr'>datis</span> <span class='ocrx_word' id='word_1_99' title='bbox 1016 1211 1108 1290; x_wconf 87' lang='lat' dir='ltr'>quat-</span> 
     </span>
     <span class='ocr_line' id='line_1_11' title="bbox 92 1304 1107 1399; baseline -0.002 -19"><span class='ocrx_word' id='word_1_100' title='bbox 92 1321 169 1380; x_wconf 88' lang='lat' dir='ltr'>tuor</span> <span class='ocrx_word' id='word_1_101' title='bbox 192 1304 481 1399; x_wconf 87' lang='lat' dir='ltr'>magnitudinibus,</span> <span class='ocrx_word' id='word_1_102' title='bbox 504 1314 627 1378; x_wconf 87' lang='lat' dir='ltr'>duabus</span> <span class='ocrx_word' id='word_1_103' title='bbox 649 1314 782 1379; x_wconf 84' lang='lat' dir='ltr'>basibus</span> <span class='ocrx_word' id='word_1_104' title='bbox 803 1320 834 1378; x_wconf 92' lang='lat' dir='ltr'><em>A</em></span> <span class='ocrx_word' id='word_1_105' title='bbox 840 1319 880 1397; x_wconf 91' lang='grc' dir='ltr'>Ζ,</span> <span class='ocrx_word' id='word_1_106' title='bbox 900 1317 961 1377; x_wconf 98' lang='grc' dir='ltr'>ΖΘ</span> <span class='ocrx_word' id='word_1_107' title='bbox 979 1317 1012 1378; x_wconf 92' lang='lat' dir='ltr'>et</span> <span class='ocrx_word' id='word_1_108' title='bbox 1031 1313 1107 1378; x_wconf 87' lang='lat' dir='ltr'>duo·</span> 
     </span>
     <span class='ocr_line' id='line_1_12' title="bbox 92 1420 1108 1506; baseline -0.003 -19"><span class='ocrx_word' id='word_1_109' title='bbox 92 1423 155 1487; x_wconf 88' lang='lat' dir='ltr'>bus</span> <span class='ocrx_word' id='word_1_110' title='bbox 189 1420 300 1485; x_wconf 87' lang='lat' dir='ltr'>solidis</span> <span class='ocrx_word' id='word_1_111' title='bbox 329 1427 360 1484; x_wconf 89' lang='lat' dir='ltr'><em>A</em></span> <span class='ocrx_word' id='word_1_112' title='bbox 369 1426 406 1498; x_wconf 74' lang='lat' dir='ltr'>Y,</span> <span class='ocrx_word' id='word_1_113' title='bbox 443 1424 503 1485; x_wconf 78' lang='grc' dir='ltr'>ΤΘ</span> <span class='ocrx_word' id='word_1_114' title='bbox 530 1424 659 1505; x_wconf 87' lang='lat' dir='ltr'>sumpta</span> <span class='ocrx_word' id='word_1_115' title='bbox 687 1425 762 1486; x_wconf 89' lang='lat' dir='ltr'>sunt</span> <span class='ocrx_word' id='word_1_116' title='bbox 785 1443 885 1506; x_wconf 86' lang='lat' dir='ltr'>aeque</span> <span class='ocrx_word' id='word_1_117' title='bbox 913 1421 1108 1504; x_wconf 79' lang='lat' dir='ltr'>multiplicia</span> 
     </span>
     <span class='ocr_line' id='line_1_13' title="bbox 91 1527 1107 1609; baseline -0.003 -16"><span class='ocrx_word' id='word_1_118' title='bbox 91 1528 183 1594; x_wconf 86' lang='lat' dir='ltr'>basis</span> <span class='ocrx_word' id='word_1_119' title='bbox 211 1534 243 1591; x_wconf 92' lang='lat' dir='ltr'><em>A</em></span> <span class='ocrx_word' id='word_1_120' title='bbox 250 1531 275 1590; x_wconf 89' lang='grc' dir='ltr'>Ζ</span> <span class='ocrx_word' id='word_1_121' title='bbox 308 1531 341 1590; x_wconf 89' lang='lat' dir='ltr'>et</span> <span class='ocrx_word' id='word_1_122' title='bbox 370 1527 465 1592; x_wconf 89' lang='lat' dir='ltr'>solidi</span> <span class='ocrx_word' id='word_1_123' title='bbox 493 1534 524 1591; x_wconf 88' lang='lat' dir='ltr'><em>A</em></span> <span class='ocrx_word' id='word_1_124' title='bbox 535 1533 563 1590; x_wconf 78' lang='grc' dir='ltr'><em>Τ</em></span> <span class='ocrx_word' id='word_1_125' title='bbox 589 1528 675 1591; x_wconf 88' lang='lat' dir='ltr'>basis</span> <span class='ocrx_word' id='word_1_126' title='bbox 704 1532 735 1591; x_wconf 90' lang='lat' dir='ltr'><em>A</em></span> <span class='ocrx_word' id='word_1_127' title='bbox 740 1532 767 1591; x_wconf 93' lang='lat' dir='ltr'><em>Z</em></span> <span class='ocrx_word' id='word_1_128' title='bbox 795 1531 828 1591; x_wconf 88' lang='lat' dir='ltr'>et</span> <span class='ocrx_word' id='word_1_129' title='bbox 857 1528 996 1591; x_wconf 88' lang='lat' dir='ltr'>solidum</span> <span class='ocrx_word' id='word_1_130' title='bbox 1024 1532 1055 1590; x_wconf 89' lang='lat' dir='ltr'><em>A</em></span> <span class='ocrx_word' id='word_1_131' title='bbox 1063 1532 1107 1609; x_wconf 76' lang='lat' dir='ltr'>Y,</span> 
     </span>
     <span class='ocr_line' id='line_1_14' title="bbox 91 1634 1108 1700; baseline -0.004 0"><span class='ocrx_word' id='word_1_132' title='bbox 91 1635 182 1700; x_wconf 87' lang='lat' dir='ltr'>basis</span> <span class='ocrx_word' id='word_1_133' title='bbox 211 1637 319 1697; x_wconf 88' lang='lat' dir='ltr'>autem</span> <span class='ocrx_word' id='word_1_134' title='bbox 343 1637 403 1697; x_wconf 93' lang='grc' dir='ltr'>ΘΖ</span> <span class='ocrx_word' id='word_1_135' title='bbox 432 1639 465 1698; x_wconf 90' lang='lat' dir='ltr'>et</span> <span class='ocrx_word' id='word_1_136' title='bbox 492 1635 589 1698; x_wconf 88' lang='lat' dir='ltr'>solidi</span> <span class='ocrx_word' id='word_1_137' title='bbox 613 1638 679 1697; x_wconf 77' lang='grc' dir='ltr'>ΘΤ</span> <span class='ocrx_word' id='word_1_138' title='bbox 702 1634 791 1698; x_wconf 83' lang='lat' dir='ltr'>basis</span> <span class='ocrx_word' id='word_1_139' title='bbox 814 1637 884 1697; x_wconf 93' lang='grc' dir='ltr'>ΝΖ</span> <span class='ocrx_word' id='word_1_140' title='bbox 913 1637 946 1696; x_wconf 88' lang='lat' dir='ltr'>et</span> <span class='ocrx_word' id='word_1_141' title='bbox 970 1634 1108 1697; x_wconf 86' lang='lat' dir='ltr'>solidum</span> 
     </span>
    </p>
   </div>
   <div class='ocr_carea' id='block_1_4' title="bbox 93 1740 1209 1822">
    <p class='ocr_par' dir='ltr' id='par_1_4' title="bbox 93 1740 1209 1822">
     <span class='ocr_line' id='line_1_15' title="bbox 93 1740 1209 1822; baseline -0.003 -16"><span class='ocrx_word' id='word_1_142' title='bbox 93 1746 133 1806; x_wconf 94' lang='grc' dir='ltr'>Ν</span> <span class='ocrx_word' id='word_1_143' title='bbox 139 1747 176 1819; x_wconf 77' lang='lat' dir='ltr'>Y,</span> <span class='ocrx_word' id='word_1_144' title='bbox 205 1746 237 1804; x_wconf 85' lang='lat' dir='ltr'>et</span> <span class='ocrx_word' id='word_1_145' title='bbox 261 1741 520 1806; x_wconf 86' lang='lat' dir='ltr'>demonstratum</span> <span class='ocrx_word' id='word_1_146' title='bbox 545 1746 608 1822; x_wconf 88' lang='lat' dir='ltr'>est,</span> <span class='ocrx_word' id='word_1_147' title='bbox 632 1741 660 1804; x_wconf 88' lang='lat' dir='ltr'>si</span> <span class='ocrx_word' id='word_1_148' title='bbox 684 1743 714 1803; x_wconf 92' lang='lat' dir='ltr'><em>A</em></span> <span class='ocrx_word' id='word_1_149' title='bbox 720 1746 747 1804; x_wconf 92' lang='lat' dir='ltr'><em>Z</em></span> <span class='ocrx_word' id='word_1_150' title='bbox 761 1751 795 1813; x_wconf 93' lang='lat'>&gt;</span> <span class='ocrx_word' id='word_1_151' title='bbox 812 1743 891 1822; x_wconf 86' lang='lat' dir='ltr'>ZN,</span> <span class='ocrx_word' id='word_1_152' title='bbox 916 1762 985 1804; x_wconf 83' lang='lat' dir='ltr'>esse</span> <span class='ocrx_word' id='word_1_153' title='bbox 1010 1740 1107 1804; x_wconf 89' lang='lat' dir='ltr'>etiam</span> <span class='ocrx_word' id='word_1_154' title='bbox 1206 1759 1209 1764; x_wconf 85' lang='lat'>·</span> 
     </span>
    </p>
   </div>
   <div class='ocr_carea' id='block_1_5' title="bbox 93 1847 1108 2145">
    <p class='ocr_par' dir='ltr' id='par_1_5' title="bbox 93 1847 1108 2145">
     <span class='ocr_line' id='line_1_16' title="bbox 94 1847 1108 1930; baseline -0.002 -18"><span class='ocrx_word' id='word_1_155' title='bbox 94 1850 309 1930; x_wconf 77' lang='lat' dir='ltr'><em>AY&gt;NY‚</em></span> <span class='ocrx_word' id='word_1_156' title='bbox 346 1848 397 1911; x_wconf 89' lang='lat' dir='ltr'>sin</span> <span class='ocrx_word' id='word_1_157' title='bbox 434 1850 555 1910; x_wconf 93' lang='lat' dir='ltr'><em>AZ=</em></span> <span class='ocrx_word' id='word_1_158' title='bbox 572 1851 656 1929; x_wconf 89' lang='lat' dir='ltr'>ZN,</span> <span class='ocrx_word' id='word_1_159' title='bbox 693 1869 763 1910; x_wconf 87' lang='lat' dir='ltr'>esse</span> <span class='ocrx_word' id='word_1_160' title='bbox 800 1850 1020 1928; x_wconf 75' lang='lat' dir='ltr'><em>AY=NY,</em></span> <span class='ocrx_word' id='word_1_161' title='bbox 1058 1847 1108 1910; x_wconf 86' lang='lat' dir='ltr'>sin</span> 
     </span>
     <span class='ocr_line' id='line_1_17' title="bbox 93 1952 1108 2036; baseline -0.003 -18"><span class='ocrx_word' id='word_1_162' title='bbox 93 1961 204 2018; x_wconf 88' lang='lat' dir='ltr'>autem</span> <span class='ocrx_word' id='word_1_163' title='bbox 232 1958 297 2016; x_wconf 89' lang='grc' dir='ltr'>ΛΖ</span> <span class='ocrx_word' id='word_1_164' title='bbox 312 1964 346 2026; x_wconf 94' lang='grc'>&lt;</span> <span class='ocrx_word' id='word_1_165' title='bbox 361 1958 442 2036; x_wconf 92' lang='grc' dir='ltr'>ΖΝ,</span> <span class='ocrx_word' id='word_1_166' title='bbox 471 1975 540 2018; x_wconf 87' lang='lat' dir='ltr'>esse</span> <span class='ocrx_word' id='word_1_167' title='bbox 570 1958 600 2017; x_wconf 90' lang='lat' dir='ltr'><em>A</em></span> <span class='ocrx_word' id='word_1_168' title='bbox 609 1960 639 2016; x_wconf 75' lang='lat' dir='ltr'><em>Y</em></span> <span class='ocrx_word' id='word_1_169' title='bbox 649 1963 684 2025; x_wconf 92' lang='lat'>&lt;</span> <span class='ocrx_word' id='word_1_170' title='bbox 697 1956 735 2017; x_wconf 93' lang='lat' dir='ltr'><strong><em>N</em></strong></span> <span class='ocrx_word' id='word_1_171' title='bbox 742 1960 775 2016; x_wconf 76' lang='lat' dir='ltr'>Y.</span> <span class='ocrx_word' id='word_1_172' title='bbox 826 1952 887 2016; x_wconf 86' lang='lat' dir='ltr'>erit</span> <span class='ocrx_word' id='word_1_173' title='bbox 914 1952 1015 2035; x_wconf 85' lang='lat' dir='ltr'>igitur</span> <span class='ocrx_word' id='word_1_174' title='bbox 1042 1957 1075 2015; x_wconf 92' lang='lat' dir='ltr'><em>A</em></span> <span class='ocrx_word' id='word_1_175' title='bbox 1081 1957 1108 2015; x_wconf 93' lang='lat' dir='ltr'><em>Z</em></span> 
     </span>
     <span class='ocr_line' id='line_1_18' title="bbox 95 2058 1107 2145; baseline -0.003 -21"><span class='ocrx_word' id='word_1_176' title='bbox 95 2084 102 2124; x_wconf 94' lang='lat'><strong>:</strong></span> <span class='ocrx_word' id='word_1_177' title='bbox 119 2063 181 2124; x_wconf 86' lang='lat' dir='ltr'>zo</span> <span class='ocrx_word' id='word_1_178' title='bbox 192 2091 232 2112; x_wconf 65' lang='grc' dir='ltr'>σε</span> <span class='ocrx_word' id='word_1_179' title='bbox 244 2066 276 2123; x_wconf 91' lang='lat' dir='ltr'><em>A</em></span> <span class='ocrx_word' id='word_1_180' title='bbox 286 2065 314 2123; x_wconf 77' lang='lat' dir='ltr'><em>Y</em></span> <span class='ocrx_word' id='word_1_181' title='bbox 326 2084 333 2124; x_wconf 91' lang='lat'>:</span> <span class='ocrx_word' id='word_1_182' title='bbox 352 2064 413 2123; x_wconf 73' lang='grc' dir='ltr'>ΤΘ</span> <span class='ocrx_word' id='word_1_183' title='bbox 430 2058 473 2140; x_wconf 88' lang='lat' dir='ltr'>[V</span> <span class='ocrx_word' id='word_1_184' title='bbox 488 2061 548 2124; x_wconf 83' lang='lat' dir='ltr'>def.</span> <span class='ocrx_word' id='word_1_185' title='bbox 563 2060 613 2145; x_wconf 80' lang='lat'>5]3</span> <span class='ocrx_word' id='word_1_186' title='bbox 628 2060 712 2144; x_wconf 86' lang='lat' dir='ltr'>quod</span> <span class='ocrx_word' id='word_1_187' title='bbox 728 2062 798 2123; x_wconf 87' lang='lat' dir='ltr'>erat</span> <span class='ocrx_word' id='word_1_188' title='bbox 811 2059 1107 2123; x_wconf 86' lang='lat' dir='ltr'>demonstrandum.</span> 
     </span>
    </p>
   </div>
   <div class='ocr_carea' id='block_1_6' title="bbox 542 2254 659 2320">
    <p class='ocr_par' dir='ltr' id='par_1_6' title="bbox 542 2254 659 2320">
     <span class='ocr_line' id='line_1_19' title="bbox 542 2254 659 2320; baseline 0.009 -1"><span class='ocrx_word' id='word_1_189' title='bbox 542 2254 659 2320; x_wconf 90' lang='lat' dir='ltr'>XXVI.</span> 
     </span>
    </p>
   </div>
   <div class='ocr_carea' id='block_1_7' title="bbox 93 2359 1107 2553">
    <p class='ocr_par' dir='ltr' id='par_1_7' title="bbox 93 2359 1107 2553">
     <span class='ocr_line' id='line_1_20' title="bbox 162 2359 1107 2447; baseline 0 -23"><span class='ocrx_word' id='word_1_190' title='bbox 162 2359 213 2424; x_wconf 78' lang='lat' dir='ltr'>Ad</span> <span class='ocrx_word' id='word_1_191' title='bbox 237 2361 347 2425; x_wconf 88' lang='lat' dir='ltr'>datam</span> <span class='ocrx_word' id='word_1_192' title='bbox 370 2366 492 2426; x_wconf 84' lang='lat' dir='ltr'>reotanr</span> <span class='ocrx_word' id='word_1_193' title='bbox 520 2367 553 2424; x_wconf 90' lang='lat' dir='ltr'>et</span> <span class='ocrx_word' id='word_1_194' title='bbox 577 2366 731 2446; x_wconf 83' lang='lat' dir='ltr'>punctum</span> <span class='ocrx_word' id='word_1_195' title='bbox 759 2363 827 2426; x_wconf 90' lang='lat' dir='ltr'>eius</span> <span class='ocrx_word' id='word_1_196' title='bbox 852 2362 1007 2447; x_wconf 83' lang='lat' dir='ltr'>angulum</span> <span class='ocrx_word' id='word_1_197' title='bbox 1031 2361 1107 2426; x_wconf 91' lang='lat' dir='ltr'>soli-</span> 
     </span>
     <span class='ocr_line' id='line_1_21' title="bbox 93 2467 951 2553; baseline 0.005 -23"><span class='ocrx_word' id='word_1_198' title='bbox 93 2467 171 2530; x_wconf 88' lang='lat' dir='ltr'>dum</span> <span class='ocrx_word' id='word_1_199' title='bbox 195 2472 379 2531; x_wconf 86' lang='lat' dir='ltr'>construere</span> <span class='ocrx_word' id='word_1_200' title='bbox 403 2467 479 2533; x_wconf 89' lang='lat' dir='ltr'>dato</span> <span class='ocrx_word' id='word_1_201' title='bbox 504 2469 624 2553; x_wconf 83' lang='lat' dir='ltr'>angulo</span> <span class='ocrx_word' id='word_1_202' title='bbox 648 2469 751 2534; x_wconf 89' lang='lat' dir='ltr'>solido</span> <span class='ocrx_word' id='word_1_203' title='bbox 776 2470 951 2553; x_wconf 86' lang='lat' dir='ltr'>aequalem.</span> 
     </span>
    </p>
   </div>
   <div class='ocr_carea' id='block_1_8' title="bbox 91 2658 1107 3013">
    <p class='ocr_par' dir='ltr' id='par_1_8' title="bbox 91 2658 1107 3013">
     <span class='ocr_line' id='line_1_22' title="bbox 167 2658 1106 2730; baseline 0.002 -20"><span class='ocrx_word' id='word_1_204' title='bbox 167 2661 192 2727; x_wconf 83' lang='grc'>1)</span> <span class='ocrx_word' id='word_1_205' title='bbox 216 2659 257 2712; x_wconf 86' lang='lat' dir='ltr'>Ex</span> <span class='ocrx_word' id='word_1_206' title='bbox 280 2658 335 2713; x_wconf 87' lang='lat' dir='ltr'>def.</span> <span class='ocrx_word' id='word_1_207' title='bbox 356 2664 402 2726; x_wconf 82' lang='lat'>10,</span> <span class='ocrx_word' id='word_1_208' title='bbox 425 2659 492 2728; x_wconf 87' lang='lat' dir='ltr'>qnia</span> <span class='ocrx_word' id='word_1_209' title='bbox 515 2659 600 2729; x_wconf 87' lang='lat' dir='ltr'>plana</span> <span class='ocrx_word' id='word_1_210' title='bbox 623 2677 657 2714; x_wconf 85' lang='lat' dir='ltr'>ea</span> <span class='ocrx_word' id='word_1_211' title='bbox 680 2660 946 2730; x_wconf 86' lang='lat' dir='ltr'>comprehendentia</span> <span class='ocrx_word' id='word_1_212' title='bbox 965 2660 1050 2714; x_wconf 86' lang='lat' dir='ltr'>etiam</span> <span class='ocrx_word' id='word_1_213' title='bbox 1070 2661 1106 2713; x_wconf 84' lang='lat' dir='ltr'>si-</span> 
     </span>
     <span class='ocr_line' id='line_1_23' title="bbox 94 2729 1106 2801; baseline 0.004 -19"><span class='ocrx_word' id='word_1_214' title='bbox 94 2729 175 2783; x_wconf 91' lang='lat' dir='ltr'>milia</span> <span class='ocrx_word' id='word_1_215' title='bbox 194 2732 258 2783; x_wconf 87' lang='lat' dir='ltr'>sunt</span> <span class='ocrx_word' id='word_1_216' title='bbox 280 2730 347 2784; x_wconf 93' lang='lat' dir='ltr'>bina</span> <span class='ocrx_word' id='word_1_217' title='bbox 370 2730 454 2784; x_wconf 86' lang='lat' dir='ltr'>simul</span> <span class='ocrx_word' id='word_1_218' title='bbox 477 2731 634 2786; x_wconf 85' lang='lat' dir='ltr'>coniuncta.</span> <span class='ocrx_word' id='word_1_219' title='bbox 667 2733 702 2786; x_wconf 86' lang='lat' dir='ltr'>de</span> <span class='ocrx_word' id='word_1_220' title='bbox 720 2732 801 2786; x_wconf 88' lang='lat' dir='ltr'>trinis</span> <span class='ocrx_word' id='word_1_221' title='bbox 820 2750 847 2785; x_wconf 85' lang='lat' dir='ltr'>u.</span> <span class='ocrx_word' id='word_1_222' title='bbox 866 2748 930 2801; x_wconf 84' lang='lat' dir='ltr'>pag.</span> <span class='ocrx_word' id='word_1_223' title='bbox 951 2736 984 2785; x_wconf 78' lang='grc'>75</span> <span class='ocrx_word' id='word_1_224' title='bbox 1002 2733 1061 2786; x_wconf 90' lang='lat' dir='ltr'>not.</span> <span class='ocrx_word' id='word_1_225' title='bbox 1081 2737 1106 2786; x_wconf 81' lang='lat'>2.</span> 
     </span>
     <span class='ocr_line' id='line_1_24' title="bbox 93 2799 1107 2872; baseline 0.003 -20"><span class='ocrx_word' id='word_1_226' title='bbox 93 2799 130 2854; x_wconf 87' lang='lat' dir='ltr'>do</span> <span class='ocrx_word' id='word_1_227' title='bbox 150 2801 248 2854; x_wconf 88' lang='lat' dir='ltr'>ceteris</span> <span class='ocrx_word' id='word_1_228' title='bbox 268 2818 301 2854; x_wconf 90' lang='lat' dir='ltr'>ex</span> <span class='ocrx_word' id='word_1_229' title='bbox 319 2818 398 2870; x_wconf 88' lang='lat' dir='ltr'>prop.</span> <span class='ocrx_word' id='word_1_230' title='bbox 418 2807 453 2855; x_wconf 78' lang='lat'>24</span> <span class='ocrx_word' id='word_1_231' title='bbox 472 2803 610 2870; x_wconf 88' lang='lat' dir='ltr'>seqnitur,</span> <span class='ocrx_word' id='word_1_232' title='bbox 629 2820 681 2857; x_wconf 83' lang='lat' dir='ltr'>neo</span> <span class='ocrx_word' id='word_1_233' title='bbox 699 2820 770 2872; x_wconf 87' lang='lat' dir='ltr'>opus</span> <span class='ocrx_word' id='word_1_234' title='bbox 789 2805 862 2869; x_wconf 85' lang='lat' dir='ltr'>erat,</span> <span class='ocrx_word' id='word_1_235' title='bbox 886 2807 918 2857; x_wconf 90' lang='lat' dir='ltr'>nt</span> <span class='ocrx_word' id='word_1_236' title='bbox 935 2803 975 2856; x_wconf 91' lang='lat' dir='ltr'>ibi</span> <span class='ocrx_word' id='word_1_237' title='bbox 993 2801 1107 2870; x_wconf 84' lang='lat' dir='ltr'>propria</span> 
     </span>
     <span class='ocr_line' id='line_1_25' title="bbox 94 2870 1107 2942; baseline 0.001 -19"><span class='ocrx_word' id='word_1_238' title='bbox 94 2870 332 2926; x_wconf 77' lang='lat' dir='ltr'>demonstratione</span> <span class='ocrx_word' id='word_1_239' title='bbox 351 2874 552 2940; x_wconf 79' lang='lat' dir='ltr'>ostenderetur,</span> <span class='ocrx_word' id='word_1_240' title='bbox 571 2872 638 2941; x_wconf 90' lang='lat' dir='ltr'>quia</span> <span class='ocrx_word' id='word_1_241' title='bbox 656 2892 683 2942; x_wconf 90' lang='lat' dir='ltr'>p.</span> <span class='ocrx_word' id='word_1_242' title='bbox 704 2881 745 2934; x_wconf 74' lang='lat'>72,</span> <span class='ocrx_word' id='word_1_243' title='bbox 763 2881 794 2928; x_wconf 81' lang='lat'>1‘1</span> <span class='ocrx_word' id='word_1_244' title='bbox 815 2873 1036 2928; x_wconf 82' lang='lat' dir='ltr'>demonstratum</span> <span class='ocrx_word' id='word_1_245' title='bbox 1056 2874 1107 2936; x_wconf 83' lang='lat' dir='ltr'>est,</span> 
     </span>
     <span class='ocr_line' id='line_1_26' title="bbox 91 2940 1029 3013; baseline -0.001 -17"><span class='ocrx_word' id='word_1_246' title='bbox 91 2940 251 3010; x_wconf 82' lang='lat' dir='ltr'>triangulos</span> <span class='ocrx_word' id='word_1_247' title='bbox 266 2947 452 3012; x_wconf 80' lang='lat' dir='ltr'>congruentes</span> <span class='ocrx_word' id='word_1_248' title='bbox 466 2960 525 2998; x_wconf 81' lang='lat' dir='ltr'>esse</span> <span class='ocrx_word' id='word_1_249' title='bbox 541 2946 578 3013; x_wconf 92' lang='lat' dir='ltr'>(u.</span> <span class='ocrx_word' id='word_1_250' title='bbox 593 2944 614 3012; x_wconf 92' lang='lat' dir='ltr'>I,</span> <span class='ocrx_word' id='word_1_251' title='bbox 629 2950 667 3013; x_wconf 87' lang='lat'>4),</span> <span class='ocrx_word' id='word_1_252' title='bbox 686 2945 713 2999; x_wconf 91' lang='lat' dir='ltr'>h.</span> <span class='ocrx_word' id='word_1_253' title='bbox 729 2962 752 2999; x_wconf 91' lang='lat' dir='ltr'>e.</span> <span class='ocrx_word' id='word_1_254' title='bbox 768 2947 814 2998; x_wconf 73' lang='grc' dir='ltr'>ἴσα</span> <span class='ocrx_word' id='word_1_255' title='bbox 827 2964 857 2998; x_wconf 77' lang='grc' dir='ltr'>τε</span> <span class='ocrx_word' id='word_1_256' title='bbox 872 2944 921 2998; x_wconf 75' lang='grc' dir='ltr'>καὶ</span> <span class='ocrx_word' id='word_1_257' title='bbox 935 2940 1029 3012; x_wconf 82' lang='grc' dir='ltr'><strong>ὅμοια.</strong></span> 
     </span>
    </p>
   </div>
   <div class='ocr_carea' id='block_1_9' title="bbox 91 3113 1108 3618">
    <p class='ocr_par' dir='ltr' id='par_1_9' title="bbox 93 3113 1106 3334">
     <span class='ocr_line' id='line_1_27' title="bbox 93 3113 1106 3194; baseline 0.001 -20"><span class='ocrx_word' id='word_1_258' title='bbox 93 3123 120 3174; x_wconf 89' lang='grc'>8.</span> <span class='ocrx_word' id='word_1_259' title='bbox 139 3113 156 3186; x_wconf 82' lang='grc' dir='ltr'><em>ἡ</em></span> <span class='ocrx_word' id='word_1_260' title='bbox 176 3118 241 3189; x_wconf 85' lang='grc' dir='ltr'>ΛΖ]</span> <span class='ocrx_word' id='word_1_261' title='bbox 260 3118 304 3173; x_wconf 85' lang='lat' dir='ltr'>bis</span> <span class='ocrx_word' id='word_1_262' title='bbox 319 3121 353 3187; x_wconf 89' lang='grc' dir='ltr'>Ρ,</span> <span class='ocrx_word' id='word_1_263' title='bbox 373 3137 441 3176; x_wconf 88' lang='lat' dir='ltr'>oorr.</span> <span class='ocrx_word' id='word_1_264' title='bbox 457 3127 529 3176; x_wconf 83' lang='lat' dir='ltr'>ml.</span> <span class='ocrx_word' id='word_1_265' title='bbox 583 3128 607 3176; x_wconf 82' lang='grc'>9.</span> <span class='ocrx_word' id='word_1_266' title='bbox 628 3117 702 3194; x_wconf 76' lang='grc' dir='ltr'><strong>ἐστι’]</strong></span> <span class='ocrx_word' id='word_1_267' title='bbox 723 3139 872 3192; x_wconf 82' lang='lat' dir='ltr'>suprascr.</span> <span class='ocrx_word' id='word_1_268' title='bbox 888 3138 978 3191; x_wconf 91' lang='lat' dir='ltr'>oomp.</span> <span class='ocrx_word' id='word_1_269' title='bbox 994 3139 1030 3173; x_wconf 94' lang='lat' dir='ltr'>m.</span> <span class='ocrx_word' id='word_1_270' title='bbox 1045 3125 1061 3172; x_wconf 83' lang='lat'><strong>2</strong></span> <span class='ocrx_word' id='word_1_271' title='bbox 1076 3120 1106 3175; x_wconf 82' lang='lat' dir='ltr'>F.</span> 
     </span>
     <span class='ocr_line' id='line_1_28' title="bbox 123 3190 1047 3264; baseline -0.002 -20"><span class='ocrx_word' id='word_1_272' title='bbox 123 3231 126 3236; x_wconf 81' lang='lat'>.</span> <span class='ocrx_word' id='word_1_273' title='bbox 165 3190 232 3259; x_wconf 81' lang='grc' dir='ltr'>ΛΤ]</span> <span class='ocrx_word' id='word_1_274' title='bbox 253 3207 336 3258; x_wconf 86' lang='lat' dir='ltr'>supra</span> <span class='ocrx_word' id='word_1_275' title='bbox 353 3198 378 3247; x_wconf 84' lang='lat' dir='ltr'><em>A</em></span> <span class='ocrx_word' id='word_1_276' title='bbox 399 3209 451 3246; x_wconf 82' lang='lat' dir='ltr'>sor.</span> <span class='ocrx_word' id='word_1_277' title='bbox 470 3200 491 3246; x_wconf 83' lang='lat' dir='ltr'><em>A</em></span> <span class='ocrx_word' id='word_1_278' title='bbox 511 3212 547 3248; x_wconf 91' lang='lat' dir='ltr'>m.</span> <span class='ocrx_word' id='word_1_279' title='bbox 570 3202 582 3247; x_wconf 92' lang='lat' dir='ltr'>l</span> <span class='ocrx_word' id='word_1_280' title='bbox 602 3195 629 3248; x_wconf 90' lang='lat' dir='ltr'>b.</span> <span class='ocrx_word' id='word_1_281' title='bbox 703 3200 745 3248; x_wconf 86' lang='lat'>10.</span> <span class='ocrx_word' id='word_1_282' title='bbox 765 3193 833 3264; x_wconf 90' lang='lat' dir='ltr'>NZ]</span> <span class='ocrx_word' id='word_1_283' title='bbox 855 3193 923 3247; x_wconf 89' lang='lat' dir='ltr'>Zin</span> <span class='ocrx_word' id='word_1_284' title='bbox 941 3207 993 3247; x_wconf 85' lang='lat' dir='ltr'>ras.</span> <span class='ocrx_word' id='word_1_285' title='bbox 1014 3190 1047 3243; x_wconf 89' lang='lat' dir='ltr'>V.</span> 
     </span>
     <span class='ocr_line' id='line_1_29' title="bbox 94 3259 1106 3334; baseline 0.004 -18"><span class='ocrx_word' id='word_1_286' title='bbox 94 3267 136 3316; x_wconf 86' lang='grc'>13.</span> <span class='ocrx_word' id='word_1_287' title='bbox 156 3261 224 3332; x_wconf 82' lang='grc' dir='ltr'><strong>τῶν]</strong></span> <span class='ocrx_word' id='word_1_288' title='bbox 244 3279 329 3330; x_wconf 85' lang='lat' dir='ltr'>supra</span> <span class='ocrx_word' id='word_1_289' title='bbox 348 3281 399 3318; x_wconf 86' lang='lat' dir='ltr'>sor.</span> <span class='ocrx_word' id='word_1_290' title='bbox 418 3281 453 3317; x_wconf 87' lang='lat' dir='ltr'>rn.</span> <span class='ocrx_word' id='word_1_291' title='bbox 474 3269 490 3317; x_wconf 76' lang='lat'><strong>2</strong></span> <span class='ocrx_word' id='word_1_292' title='bbox 509 3264 541 3317; x_wconf 90' lang='grc' dir='ltr'>Β.</span> <span class='ocrx_word' id='word_1_293' title='bbox 618 3262 662 3334; x_wconf 78' lang='grc' dir='ltr'>δέ]</span> <span class='ocrx_word' id='word_1_294' title='bbox 683 3282 752 3320; x_wconf 88' lang='lat' dir='ltr'>corr.</span> <span class='ocrx_word' id='word_1_295' title='bbox 772 3280 806 3318; x_wconf 89' lang='lat' dir='ltr'>ox</span> <span class='ocrx_word' id='word_1_296' title='bbox 824 3260 860 3334; x_wconf 80' lang='grc' dir='ltr'>δή</span> <span class='ocrx_word' id='word_1_297' title='bbox 879 3284 915 3318; x_wconf 92' lang='lat' dir='ltr'>m.</span> <span class='ocrx_word' id='word_1_298' title='bbox 936 3270 951 3316; x_wconf 74' lang='lat'><strong>2</strong></span> <span class='ocrx_word' id='word_1_299' title='bbox 971 3264 1005 3328; x_wconf 80' lang='lat' dir='ltr'>V,</span> <span class='ocrx_word' id='word_1_300' title='bbox 1024 3259 1059 3330; x_wconf 79' lang='grc' dir='ltr'>δή</span> <span class='ocrx_word' id='word_1_301' title='bbox 1078 3261 1106 3320; x_wconf 88' lang='lat' dir='ltr'>b.</span> 
     </span>
    </p>

    <p class='ocr_par' dir='ltr' id='par_1_10' title="bbox 91 3332 1108 3478">
     <span class='ocr_line' id='line_1_30' title="bbox 165 3332 1108 3407; baseline 0.006 -23"><span class='ocrx_word' id='word_1_302' title='bbox 165 3332 233 3402; x_wconf 76' lang='grc' dir='ltr'><strong>τῶν]</strong></span> <span class='ocrx_word' id='word_1_303' title='bbox 254 3349 338 3402; x_wconf 84' lang='lat' dir='ltr'>supra</span> <span class='ocrx_word' id='word_1_304' title='bbox 357 3351 407 3388; x_wconf 84' lang='lat' dir='ltr'>eor.</span> <span class='ocrx_word' id='word_1_305' title='bbox 427 3352 463 3389; x_wconf 89' lang='lat' dir='ltr'>m.</span> <span class='ocrx_word' id='word_1_306' title='bbox 483 3341 499 3388; x_wconf 79' lang='lat'>2</span> <span class='ocrx_word' id='word_1_307' title='bbox 519 3334 549 3390; x_wconf 92' lang='grc' dir='ltr'>Β.</span> <span class='ocrx_word' id='word_1_308' title='bbox 634 3341 676 3390; x_wconf 79' lang='grc'>15.</span> <span class='ocrx_word' id='word_1_309' title='bbox 696 3336 757 3407; x_wconf 85' lang='grc' dir='ltr'>ΛΖ]</span> <span class='ocrx_word' id='word_1_310' title='bbox 778 3352 847 3392; x_wconf 84' lang='lat' dir='ltr'>corr.</span> <span class='ocrx_word' id='word_1_311' title='bbox 867 3353 901 3391; x_wconf 87' lang='lat' dir='ltr'>ex</span> <span class='ocrx_word' id='word_1_312' title='bbox 918 3340 968 3389; x_wconf 86' lang='grc' dir='ltr'>ΑΖ</span> <span class='ocrx_word' id='word_1_313' title='bbox 986 3352 1023 3390; x_wconf 87' lang='lat' dir='ltr'>m.</span> <span class='ocrx_word' id='word_1_314' title='bbox 1044 3340 1058 3387; x_wconf 94' lang='lat'>1</span> <span class='ocrx_word' id='word_1_315' title='bbox 1078 3340 1108 3390; x_wconf 88' lang='lat' dir='ltr'>et</span> 
     </span>
     <span class='ocr_line' id='line_1_31' title="bbox 91 3403 1106 3478; baseline 0.006 -22"><span class='ocrx_word' id='word_1_316' title='bbox 91 3421 130 3458; x_wconf 87' lang='lat' dir='ltr'>m.</span> <span class='ocrx_word' id='word_1_317' title='bbox 150 3409 166 3455; x_wconf 79' lang='lat'><strong>2</strong></span> <span class='ocrx_word' id='word_1_318' title='bbox 186 3403 212 3457; x_wconf 93' lang='lat' dir='ltr'>b.</span> <span class='ocrx_word' id='word_1_319' title='bbox 286 3410 327 3458; x_wconf 90' lang='grc'>16.</span> <span class='ocrx_word' id='word_1_320' title='bbox 348 3405 414 3475; x_wconf 75' lang='grc' dir='ltr'>ΘΤ]</span> <span class='ocrx_word' id='word_1_321' title='bbox 435 3408 503 3471; x_wconf 87' lang='grc' dir='ltr'>ΕΔ,</span> <span class='ocrx_word' id='word_1_322' title='bbox 524 3409 549 3459; x_wconf 89' lang='grc' dir='ltr'><strong>Ε</strong></span> <span class='ocrx_word' id='word_1_323' title='bbox 567 3405 598 3459; x_wconf 89' lang='lat' dir='ltr'>in</span> <span class='ocrx_word' id='word_1_324' title='bbox 616 3424 667 3461; x_wconf 82' lang='lat' dir='ltr'>ras.</span> <span class='ocrx_word' id='word_1_325' title='bbox 688 3408 716 3459; x_wconf 89' lang='grc' dir='ltr'>Ρ.</span> <span class='ocrx_word' id='word_1_326' title='bbox 795 3413 836 3462; x_wconf 90' lang='lat'>18.</span> <span class='ocrx_word' id='word_1_327' title='bbox 858 3407 927 3478; x_wconf 88' lang='lat' dir='ltr'>ZN]</span> <span class='ocrx_word' id='word_1_328' title='bbox 946 3411 1002 3461; x_wconf 93' lang='lat' dir='ltr'>NZ</span> <span class='ocrx_word' id='word_1_329' title='bbox 1020 3407 1106 3462; x_wconf 87' lang='lat' dir='ltr'>BVb.</span> 
     </span>
    </p>

    <p class='ocr_par' dir='ltr' id='par_1_11' title="bbox 176 3476 1107 3549">
     <span class='ocr_line' id='line_1_32' title="bbox 176 3476 1107 3549; baseline 0.008 -22"><span class='ocrx_word' id='word_1_330' title='bbox 176 3479 217 3527; x_wconf 83' lang='lat'>19.</span> <span class='ocrx_word' id='word_1_331' title='bbox 238 3477 364 3546; x_wconf 77' lang='grc' dir='ltr'><strong>στερεοῦ]</strong></span> <span class='ocrx_word' id='word_1_332' title='bbox 385 3494 439 3531; x_wconf 92' lang='lat' dir='ltr'>om.</span> <span class='ocrx_word' id='word_1_333' title='bbox 458 3476 570 3531; x_wconf 85' lang='lat' dir='ltr'><strong>BFVb.</strong></span> <span class='ocrx_word' id='word_1_334' title='bbox 657 3479 714 3549; x_wconf 72' lang='lat' dir='ltr'>lou]</span> <span class='ocrx_word' id='word_1_335' title='bbox 734 3479 796 3532; x_wconf 68' lang='grc' dir='ltr'><em>ἴσον</em></span> <span class='ocrx_word' id='word_1_336' title='bbox 815 3478 894 3533; x_wconf 76' lang='lat' dir='ltr'>PFV</span> <span class='ocrx_word' id='word_1_337' title='bbox 912 3479 987 3534; x_wconf 89' lang='lat' dir='ltr'>etin</span> <span class='ocrx_word' id='word_1_338' title='bbox 1006 3494 1060 3532; x_wconf 84' lang='lat' dir='ltr'>ras.</span> <span class='ocrx_word' id='word_1_339' title='bbox 1078 3479 1107 3534; x_wconf 91' lang='lat' dir='ltr'>b.</span> 
     </span>
    </p>

    <p class='ocr_par' dir='ltr' id='par_1_12' title="bbox 165 3542 1074 3618">
     <span class='ocr_line' id='line_1_33' title="bbox 165 3542 1074 3618; baseline 0.009 -21"><span class='ocrx_word' id='word_1_340' title='bbox 165 3549 208 3600; x_wconf 81' lang='lat'>20.</span> <span class='ocrx_word' id='word_1_341' title='bbox 228 3542 258 3615; x_wconf 79' lang='grc' dir='ltr'>ἡ]</span> <span class='ocrx_word' id='word_1_342' title='bbox 277 3563 362 3616; x_wconf 84' lang='lat' dir='ltr'>supra</span> <span class='ocrx_word' id='word_1_343' title='bbox 380 3564 431 3604; x_wconf 82' lang='lat' dir='ltr'>sor.</span> <span class='ocrx_word' id='word_1_344' title='bbox 448 3567 482 3601; x_wconf 89' lang='lat' dir='ltr'>m.</span> <span class='ocrx_word' id='word_1_345' title='bbox 503 3555 518 3601; x_wconf 93' lang='lat'>1</span> <span class='ocrx_word' id='word_1_346' title='bbox 539 3550 568 3604; x_wconf 90' lang='lat' dir='ltr'>P.</span> <span class='ocrx_word' id='word_1_347' title='bbox 641 3555 685 3603; x_wconf 73' lang='lat'>25.</span> <span class='ocrx_word' id='word_1_348' title='bbox 704 3568 769 3618; x_wconf 83' lang='grc' dir='ltr'><em>-σην</em></span> <span class='ocrx_word' id='word_1_349' title='bbox 789 3567 804 3604; x_wconf 89' lang='lat' dir='ltr'>e</span> <span class='ocrx_word' id='word_1_350' title='bbox 823 3567 893 3606; x_wconf 88' lang='lat' dir='ltr'>oorr.</span> <span class='ocrx_word' id='word_1_351' title='bbox 912 3568 948 3604; x_wconf 90' lang='lat' dir='ltr'>m.</span> <span class='ocrx_word' id='word_1_352' title='bbox 968 3567 1021 3604; x_wconf 87' lang='lat' dir='ltr'>reo.</span> <span class='ocrx_word' id='word_1_353' title='bbox 1041 3549 1074 3605; x_wconf 89' lang='lat' dir='ltr'>V.</span> 
     </span>
    </p>
   </div>
   <div class='ocr_carea' id='block_1_10' title="bbox 0 0 1238 3952">
    <p class='ocr_par' dir='ltr' id='par_1_13' title="bbox 0 0 1238 3952">
     <span class='ocr_line' id='line_1_34' title="bbox 0 0 1238 3952; baseline 0 0"><span class='ocrx_word' id='word_1_354' title='bbox 0 0 1238 3952; x_wconf 95' lang='lat' dir='ltr'> </span> 
     </span>
    </p>
   </div>
  </div>
 </body>
</html>
