2468 3952
95 207 97 211 ’
166 194 232 260 νεο
539 191 740 244 mommsen
759 188 812 260 λ’.

165 338 248 424 μένη
277 333 360 404 αύτδ
388 333 511 420 ἄλογός
537 335 644 417 ἐστιν,
676 340 823 400 καλεῖται
851 331 889 400 δὲ
917 330 1074 400 ἐλάττων.
1127 333 1186 402 δύ-

164 469 263 511 ναται
287 441 325 510 δὲ
347 439 385 510 τὸ
409 438 476 509 ὑπὸ
498 445 567 510 τών
590 445 698 507 ΘΒΜ
718 436 740 525 ἡ
764 445 829 506 ΑΒ
853 437 909 506 διὰ
933 437 1186 526 τὸέπιζευγνυ

164 551 265 636 μένης
287 553 346 635 τῆς
364 555 429 616 ΑΘ
452 546 633 633 ἰσογώνιον
656 550 813 633 γίνεσθαι
835 544 873 613 τὸ
893 551 992 613 ΑΒΘ
1014 550 1185 632 τρίγωνον

164 660 209 748 τῷ
238 662 354 723 ΑΒΜ
375 654 528 744 τριγώνῳ
555 655 612 721 καὶ
639 650 727 720 εἶναι
755 649 800 731 ώς
828 650 891 738 τὴν
918 658 980 719 ΘΒ
1008 649 1096 739 πρὸς
1122 649 1184 738 τὴν

129 768 245 848 οΒΑ,
269 759 374 841 ούτως
396 758 458 846 τὴν
481 767 546 827 ΑΒ
570 759 652 847 πρὸς
674 758 736 844 τὴν
760 765 840 825 ΒΜ.

225 866 270 935 Ἡ
288 865 355 952 ἄρα
377 873 442 934 ΑΒ
465 869 527 933 τοῦ
549 865 769 951 πενταγώνου
790 861 917 951 πλευρὰ
944 861 1069 950 ἄλογός
1094 864 1184 932 ἐστιν

163 972 183 1059 ἡ
208 974 399 1060 καλουμένη
424 971 583 1040 ἐλάττων·
608 969 689 1057 ὅπερ
713 974 782 1039 ἔδει
805 971 921 1050 δεῖξαι.
1034 1058 1036 1062 ³

640 1165 697 1251 ιβ’.

226 1289 314 1358 Ἐὰν
346 1296 402 1371 είς
434 1292 582 1359 κύκλον
613 1295 813 1378 τρίγωνον
846 1288 1092 1375 ἰσόπλευρον
1121 1292 1183 1376 έγ-

109 1416 143 1466 10
162 1401 309 1485 γραφῇ,
342 1394 363 1483 ἡ
395 1402 464 1466 τοῦ
496 1397 694 1485 τριγώνου
724 1394 874 1486 πλευρὰ
901 1397 1072 1483 δυνάμει
1100 1423 1182 1484 τρι-

161 1507 337 1571 πλασίων
367 1504 450 1571 ἐστὶ
476 1507 545 1590 τῆς
573 1505 613 1571 ἐκ
634 1507 705 1571 τού
730 1503 900 1590 κέντρου
927 1505 997 1569 τού
1020 1500 1181 1572 κύκλου.

219 1607 327 1678 Ἔστω
359 1609 481 1690 κύκλος
514 1607 532 1677 ὁ
564 1615 674 1695 ΑΒΓ,
705 1609 762 1677 καὶ
794 1613 841 1688 είς
873 1607 979 1677 αύτὸν
1010 1614 1181 1696 τρίγωνον

161 1714 362 1804 ἰσόπλευρον
381 1715 604 1804 ἐγγεγράφθω
622 1715 660 1784 τὸ
675 1720 786 1783 ΑΒΓ·
810 1716 915 1802 λέγω,
934 1712 985 1782 ὅτι
1002 1719 1066 1783 τοῦ
1080 1721 1186 1783 ΑΒΓ

159 1823 328 1909 τριγώνου
351 1827 410 1909 μία
432 1821 558 1910 πλευρὰ
583 1820 725 1908 δυνάμει
747 1826 953 1907 τριπλασίων
977 1822 1047 1890 ἐστὶ
1065 1825 1125 1909 τῆς
1144 1823 1180 1890 έκ

109 1946 141 1995 15
160 1932 222 1996 τοῦ
244 1930 387 2017 κέντρου
408 1939 469 1997 τοῦ
489 1934 595 1996 ΑΒΓ
611 1927 747 1997 κύκλου.

227 2035 393 2121 Εἰλήφθω
426 2034 491 2123 γὰρ
521 2034 559 2103 τὸ
590 2037 731 2123 κέντρον
762 2040 824 2103 τοῦ
852 2041 956 2103 ΑΒΓ
982 2033 1113 2102 κύκλου
1141 2035 1178 2103 τδ

158 2148 206 2227 Δ,
238 2142 294 2208 καλ
327 2143 557 2229 ἐπιζευχθεῖσα
583 2139 605 2228 ἡ
633 2150 704 2209 ΑΔ
734 2141 866 2230 διήχθω
896 2143 948 2210 ἐπὶ
976 2140 1014 2211 τὸ
1042 2150 1088 2228 Ε,
1116 2134 1178 2210 Ικαί
1207 2150 1209 2155 ’

159 2246 344 2334 ἐπεζεύχθω
367 2245 388 2334 ἡ
412 2256 441 2316 Β
448 2256 485 2315 Ε.
523 2248 579 2316 καὶ
603 2249 672 2316 ἐπεὶ
696 2247 899 2337 ἰσόπλευρόν
922 2248 1051 2318 ἔστιτὸ
1076 2255 1181 2317 ΑΒΓ

156 2356 339 2438 τρίγωνον,
367 2351 388 2439 ἡ
411 2359 513 2421 ΒΕΓ
535 2353 602 2444 ἄρα
624 2357 817 2444 περιφέρεια
839 2361 953 2444 τρίτον
982 2358 1084 2445 μέρος
1107 2357 1177 2425 ἐστὶ

105 2473 138 2523 20
157 2462 216 2542 τῆς
242 2462 304 2526 τοῦ
327 2465 430 2527 ΑΒΓ
453 2459 579 2528 κύκλου
601 2467 821 2549 περιφερείας.
868 2460 889 2549 ἡ
913 2461 979 2549 ἄρα
1003 2471 1064 2530 ΒΕ
1085 2489 1177 2552 περι-

158 2563 274 2650 φέρεια
298 2565 393 2633 ἕκτον
417 2566 486 2634 ἐστὶ
509 2571 608 2655 μέρος
630 2571 688 2653 τῆς
710 2573 771 2636 τοῦ
799 2567 926 2637 κύκλου
948 2577 1176 2657 περιφερείας·

158 2669 328 2756 ἑξαγώνου
355 2670 421 2759 ἄρα
449 2673 538 2741 ἐστίν
565 2673 587 2760 ἡ
611 2680 678 2741 ΒΕ
702 2672 832 2742 εύθεῖα·
861 2683 916 2761 ἴση
944 2674 1010 2764 ἄρα
1037 2677 1107 2744 ἐστὶ
1134 2682 1175 2766 τῇ

88 2818 90 2823 -
157 2776 193 2841 έκ
215 2780 276 2844 τού
298 2779 439 2865 κέντρου
460 2782 500 2866 τῇ
524 2787 601 2847 ΑΕ.
645 2780 702 2847 καὶ
724 2781 794 2848 έπεὶ
822 2785 922 2867 διπλῆ
947 2784 1037 2851 ἐστιν
1061 2781 1083 2869 ἡ
1109 2792 1177 2852 ΑΕ

156 2887 214 2969 τῆς
239 2891 321 2970 ΔΕ,
343 2885 585 2970 τετραπλάσιόν
610 2888 679 2954 ἐστι
701 2885 738 2954 τὸ
764 2885 830 2954 ιἰπδ
854 2892 913 2974 τῆς
931 2897 963 2954 Α
970 2895 1000 2955 Ε
1022 2892 1085 2956 τοῦ
1109 2889 1174 2959 ἆπδ

229 3104 252 3152 1.
273 3093 331 3151 έστι
349 3097 442 3166 BVq,
466 3114 556 3166 comp.
576 3099 603 3153 b.
694 3104 719 3152 2.
738 3098 785 3170 τό]
804 3114 859 3154 om.
878 3100 910 3166 Β,
930 3099 993 3155 add.
1012 3118 1070 3170 mg.
1089 3120 1127 3157 m.
1147 3108 1173 3157 2.

228 3170 293 3236 ΘΒ,
313 3173 376 3222 ΒΜ
390 3170 446 3238 Vq.
533 3175 558 3223 3.
577 3170 729 3238 γίγνεσθαι
747 3169 781 3225 V.
857 3173 936 3224 ΑΘΒ
956 3189 982 3240 q.
1071 3179 1097 3227 4.
1116 3193 1174 3242 τρι-

155 3237 250 3309 γώνφ]
270 3254 324 3293 om.
344 3238 370 3293 b.
443 3241 497 3294 ΒΘ
516 3257 541 3309 q.
620 3245 645 3294 δ,
665 3237 728 3310 τήν]
750 3242 848 3311 (prius)
868 3257 936 3296 corr.
958 3258 992 3297 ex
1010 3237 1029 3310 ἡ
1048 3260 1086 3298 m.
1108 3250 1122 3297 1
1142 3245 1174 3298 P.

214 3315 238 3364 6.
259 3305 347 3381 ἐστιν]
367 3327 420 3366 om.
441 3312 472 3366 P.
534 3317 557 3366 7.
576 3308 683 3379 πλευρὰ
704 3309 826 3367 ἐλάττων
846 3311 873 3366 b.
930 3319 971 3367 11.
991 3307 1067 3367 ἐστίν
1086 3314 1118 3369 Ρ.

157 3387 198 3437 13.
215 3376 386 3450 έγεγρύφθα
401 3381 464 3450 (sic)
479 3379 646 3451 ἰσόπλευρον
660 3381 687 3449 b,
703 3396 852 3452 suprascr.
868 3386 929 3456 β-
939 3403 966 3438 α.
1017 3380 1036 3452 ὴ
1050 3389 1102 3438 τοῦ
1112 3384 1171 3439 BV.

210 3457 251 3504 15.
266 3452 360 3520 ΑΒΓ]
375 3468 428 3506 om.
444 3453 477 3508 V.
534 3460 575 3509 16.
590 3453 830 3543 ΑΒΓχοεαΒΕ.
885 3461 927 3511 20.
943 3450 1060 3526 κύκλου]
1078 3473 1133 3511 om.
1144 3474 1172 3525 q.

208 3530 250 3577 22.
267 3516 448 3590 ἕξώγωνοςΒ.
504 3525 570 3579 Post
582 3524 660 3592 prius
675 3544 732 3593 αρα
743 3525 806 3580 add.
817 3524 925 3596 πλευραί
936 3526 969 3581 V.
1026 3523 1172 3582 ἕοτίνΡΒ.
