2468 3952
91 145 95 151 ⁴
152 206 218 271 218
523 205 726 259 ετοιειιιιεω
745 200 796 277 ιβ’.

151 348 269 430 ἄξονες
292 357 360 415 ίσοι
382 347 469 416 είσίν
488 345 658 433 ἀλλήλοις,
682 349 717 414 οί
734 344 799 431 ἄρα
813 352 894 430 ΠΡ,
918 350 994 429 ΡΒ,
1018 348 1093 412 ΒΗ
1112 345 1174 413 κύ-

82 471 91 496 ·
126 450 285 544 ’λινδροι
311 455 395 542 πρὸς
421 451 587 539 ἀλλήλους
615 453 700 520 είσλν
729 450 774 531 ὡς
801 455 838 518 αί
863 451 985 537 βάσεις.
1032 460 1104 518 ίσαι
1134 448 1176 520 δέ

151 566 239 631 είσιν
267 565 304 629 αί
327 561 454 647 βάσεις·
483 568 551 627 ίσοι
579 557 645 647 ἄρα
666 560 723 626 καὶ
746 562 782 627 οί
803 566 884 643 ΠΡ,
911 565 988 641 ΡΒ,
1016 565 1094 629 ΒΗ
1111 557 1172 627 κύ-

150 673 284 755 λινδροι
307 666 474 753 ἀλλήλοις.
510 668 580 735 ἐπεὶ
604 658 668 735 οὖν
691 669 727 733 οἱ
742 670 828 750 ΛΝ,
852 671 937 749 NE,
959 671 1030 732 ΕΚ
1049 664 1172 746 ἄξονες

115 783 220 843 σίσοι
243 775 329 843 είσὶν
352 771 519 860 ἀλλήλοις,
542 775 607 841 είσὶ
630 772 668 840 δὲ
690 771 746 839 καὶ
769 774 805 839 οί
821 778 901 870 ΗΡ,
925 778 1000 857 ΡΒ,
1025 778 1100 840 ΒΗ
1113 773 1173 840 κύ-

150 886 283 969 λινδροι
311 889 379 948 ίσοι
405 879 577 968 ἀλλήλοις,
604 885 664 946 καί
689 881 778 946 ἐστιν
803 885 878 946 ίσου
901 877 939 946 τὸ
963 882 1096 965 πλῆθος
1122 883 1172 971 τῷ

150 989 284 1076 πλήθει,
309 987 524 1055 ὁσαπλασίων
547 985 614 1072 ἄρα
637 986 656 1054 ὁ
676 993 741 1053 ΚΛ
764 983 854 1067 ἄξων
871 988 934 1052 τοῦ
952 991 1021 1051 ΕΚ
1036 983 1171 1073 ἄξονος,

150 1098 448 1162 τοσαυταπλασίων
475 1098 566 1161 ἔσται
592 1093 649 1161 καὶ
673 1092 691 1161 ὁ
716 1099 794 1159 ΠΗ
812 1091 993 1179 κύλινδρος
1014 1094 1077 1159 τοῦ
1101 1098 1171 1160 ΗΒ

150 1205 344 1288 κυλίνδρου.
391 1198 448 1268 διὰ
470 1199 511 1266 τὰ
535 1197 619 1268 αύτδι
645 1199 687 1287 δὴ
711 1199 766 1267 καὶ
790 1199 1006 1268 ὁσαπλασίων
1034 1199 1126 1266 ἐστίν
1151 1196 1170 1267 ὁ

98 1321 132 1372 10
150 1314 230 1374 MK
251 1306 341 1387 ἄξων
363 1309 425 1374 τοῦ
447 1312 512 1372 ΚΖ
535 1304 671 1394 ἄξονος,
699 1311 997 1375 τοσαυταπλασίων
1020 1306 1090 1374 ἐστὶ
1113 1306 1171 1373 κάὶ

151 1411 264 1480 ὁΧΗ
282 1411 462 1496 κύλινδρος
484 1415 546 1480 τοῦ
565 1419 635 1479 ΗΔ
656 1417 850 1499 κυλίνδρου.
890 1419 947 1480 καὶ
966 1417 997 1479 εί
1014 1411 1076 1498 μὲν
1097 1420 1171 1492 ίσος

112 1551 115 1556 ·
150 1518 242 1586 ἐστὶν
270 1517 289 1585 ὁ
313 1526 378 1587 ΚΛ
406 1517 495 1599 ἄξων
522 1529 568 1611 τῷ
597 1525 679 1587 ΚΜ
702 1518 813 1603 ἄξονι,
842 1526 914 1598 ίσος
945 1524 1036 1586 ἔσται
1064 1519 1121 1586 καί
1151 1515 1170 1588 δ

149 1632 230 1692 ΠΗ
254 1623 435 1709 κύλινδρος
467 1629 514 1715 τῷ
543 1631 617 1691 ΗΚ
643 1628 829 1716 κυλίνδρῳ,
862 1628 894 1691 εί
924 1624 962 1692 δὲ
994 1629 1117 1710 μείζων
1151 1622 1170 1693 ὁ

150 1727 242 1811 ἄξων
268 1733 329 1798 τοῦ
357 1728 492 1815 ἄξονος,
525 1735 646 1817 μείζων
677 1730 734 1796 καὶ
767 1728 784 1797 ὁ
813 1729 995 1818 κύλινδρος
1020 1735 1083 1799 τοῦ
1112 1758 1170 1799 κυ-

98 1852 131 1904 15
150 1841 308 1924 λίνδρου,
331 1837 387 1904 καὶ
410 1841 441 1904 εί
463 1835 624 1920 ἐλάσσων,
648 1835 809 1904 ἐλάσσων.
849 1835 1023 1924 τεσσάρων
1047 1836 1089 1925 δὴ
1115 1864 1170 1924 με·

149 1948 265 2029 νεθῶν
289 1941 410 2028 ὅντων,
433 1941 567 2024 ἀξόνων
589 1943 650 2030 μὲν
673 1946 742 2010 τῶν
766 1948 847 2028 ΕΚ,
871 1949 951 2029 ΚΖ,
974 1948 1169 2033 κυλίνδρων

150 2049 187 2117 δὲ
210 2055 278 2119 τῶν
301 2057 387 2136 ΒΗ,
416 2058 500 2138 ΗΔ,
531 2058 682 2136 εἴληπται
706 2049 815 2129 ίσάκις
836 2048 1083 2137 πολλαπλάσια,
1107 2054 1170 2118 τοῦ

149 2155 211 2242 μὲν
240 2163 309 2223 ΕΚ
339 2155 460 2237 ἄξονος
490 2156 547 2224 καὶ
577 2160 640 2224 τοῦ
668 2162 738 2223 ΒΗ
767 2159 953 2244 κυλίνδρου
987 2154 1006 2224 ὅ
1035 2182 1071 2224 τε
1103 2163 1174 2224 ΛΚ

149 2260 240 2342 ἄξων
266 2260 364 2330 καὶὸ
393 2269 472 2329 ΠΗ
489 2261 690 2348 λκύλινδρος,
717 2266 779 2329 τοῦ
807 2262 845 2330 δὲ
868 2269 934 2330 ΚΖ
964 2260 1083 2343 ἄξονος
1112 2263 1169 2331 καὶ

96 2367 130 2432 2'0
148 2372 210 2435 τοῦ
233 2373 303 2435 ΗΔ
325 2372 510 2454 κυλίνδρου
532 2366 551 2435 ὅ
573 2393 609 2435 τε
631 2374 714 2435 ΚΜ
732 2365 822 2448 ἄξων
844 2370 901 2436 καὶ
925 2396 942 2436 ο
964 2376 1038 2435 ΗΧ
1055 2367 1169 2437 κύλιν-

150 2478 245 2560 δρος,
268 2475 324 2542 καὶ
348 2476 527 2559 δέδεικται,
559 2471 611 2541 ὅτι
633 2478 665 2541 εί
686 2471 838 2563 ὑπερέχει
862 2473 880 2543 ὁ
905 2480 970 2541 ΚΛ
993 2472 1083 2555 ἄξων
1105 2481 1169 2544 τοῦ

148 2586 231 2647 ΚΜ
247 2579 382 2666 ἄξονος,
410 2577 561 2666 ὑπερέχει
583 2579 640 2646 καὶ
664 2577 682 2648 ὁ
706 2587 784 2648 ΠΗ
809 2580 990 2668 κύλινδρος
1012 2585 1073 2649 τοῦ
1096 2588 1174 2650 ΗΚ

148 2691 340 2774 κυλίνδρου,
363 2672 419 2754 καὶΙ
438 2690 469 2754 εί
487 2694 569 2770 ίσος,
593 2695 677 2770 ίσος,
696 2687 752 2754 καὶ
771 2691 802 2754 εί
820 2686 983 2772 ἐλάσσων,
1003 2687 1167 2758 ἐλάσσων.

149 2797 239 2860 ἔστιν
263 2791 330 2880 ἄρα
348 2789 393 2872 ὡς
416 2789 434 2860 ὃ
455 2798 524 2859 ΕΚ
541 2791 631 2873 ἄξων
649 2789 734 2881 πρὸς
750 2791 813 2860 τὸν
832 2799 898 2860 ΚΖ
916 2791 1033 2879 ἄξονα,
1058 2791 1168 2875 οὕτως

57 2975 63 2987 ι
95 2913 130 2965 25
150 2898 168 2967 ὁ
192 2905 266 2968 ΒΗ
283 2899 464 2987 κύλινδρος
487 2896 570 2986 πρὸς
592 2897 652 2966 τὸν
675 2905 747 2966 ΗΛ
768 2898 966 2989 κύλινδρον·
991 2897 1072 2989 ὅπερ
1097 2906 1168 2970 ἔδει

149 3008 262 3087 δείξαι.

626 3092 683 3162 ιδ’.

217 3203 265 3268 Οί
294 3201 357 3270 ἐπὶ
390 3208 488 3269 ίσων
520 3196 689 3285 βάσεωνΙ
709 3197 822 3284 ὄντες
853 3202 975 3269 κῶνοι
1006 3199 1072 3267 καὶ
1102 3204 1169 3270 κύ·

147 3311 306 3394 λινδροι
328 3305 426 3395 πρὸς
448 3303 646 3394 ἀλλήλους
668 3307 773 3374 είσὶν
797 3304 847 3386 ως
868 3306 913 3375 τά
938 3307 1027 3394 ὕψη.

221 3470 244 3520 1.
264 3464 295 3522 οἱ
310 3462 380 3539 ἄρα]
399 3466 449 3523 καί
467 3463 497 3523 οἱ
512 3468 571 3523 Ρ.·
629 3473 654 3522 4.
674 3463 815 3540 ἀλλήλοις]
834 3485 888 3522 om.
908 3467 942 3521 V.
1027 3459 1092 3539 οὖν]
1113 3460 1168 3524 οὖν

81 3537 200 3712 hm!
214 3536 245 3591 P.
318 3542 342 3594 ὁ.
363 3537 445 3610 είοίν]
466 3555 520 3594 om.
539 3538 573 3595 V.
646 3537 717 3611 εἰσί]
739 3539 811 3595 εἰσίν
830 3540 862 3594 Β.
936 3544 961 3594 6.
980 3541 1090 3607 πλῆθος
1108 3541 1168 3595 τῶν
