2468 3952
501 199 687 251 APPENDIX
704 201 739 253 11.
1061 201 1127 266 403

108 337 270 405 ἐλάττονα
298 342 359 405 τοῦ
383 346 413 407 Ρ.
438 343 585 426 στερεοῦ.
634 326 795 427 λελήῳθω
824 341 879 408 καὶ
904 346 986 408 ἔστω
1010 341 1050 409 τά
1074 346 1127 412 ἐπὶ

106 448 176 511 τῶν
190 450 305 529 ΑΕΒ,
320 451 426 532 ΒΖΓ,
441 452 562 531 ΓΗΔ,
578 453 690 514 ΔΘΑ.
722 443 842 515 λοιπὸν
858 445 923 535 άρα
937 449 974 515 τδ
989 455 1127 537 πρίσμα,

107 541 149 617 οὗ
168 548 266 635 βάσις
285 552 345 636 μέν
366 554 434 619 έστι
453 550 490 620 τὸ
510 559 791 621 ΑΕΒΖΓΗΔΘ
809 553 1022 640 πολύγωνον,
1041 555 1128 635 ύψος

106 655 144 724 δὲ
172 654 209 723 τὸ
238 654 320 725 αύτδ
347 662 393 750 τῳ
421 663 607 751 κυλίνδρῳ,
631 659 744 745 μεῖζόν
767 656 901 747 ἐστινή
929 660 1127 749 τριπλάσιον

107 766 167 829 τού
191 761 306 830 κοίνου
323 774 384 831 τοῦ
402 765 504 850 βάσιν
523 765 585 852 μὲν
605 771 739 852 ἔχοντος
757 765 817 835 τὸν
837 772 970 835 ΑΒΓΔ
988 767 1126 853 κύκλον,

106 865 193 949 ύψος
216 869 254 937 δέ
276 870 314 937 τὸ
339 868 420 938 αύτδ
444 875 489 963 τῷ
518 876 696 964 κυλίνδρῳ.
742 871 827 941 άλλά
851 873 889 942 τὸ
913 879 1056 961 πρίσμα,
1085 867 1127 942 οὗ

107 973 204 1059 βάσις
232 977 293 1061 μέν
323 979 392 1043 ἐστι
418 975 456 1045 τὸ
484 985 765 1047 ΑΕΒΖΓΗΔΘ
791 980 1009 1065 πολύγωνον,
1040 978 1127 1061 ύηος

108 1080 145 1148 δὲ
168 1080 205 1149 τὸ
230 1078 312 1150 αύτδ
336 1093 381 1173 τῳ
405 1087 590 1176 κυλίνδρῳ,
619 1084 816 1172 τριπλάσιόν
845 1088 914 1154 ἐστι
943 1096 1001 1173 τῆς
1024 1112 1127 1174 πυρα-

107 1190 204 1273 μίδος
226 1199 285 1275 τῆς
307 1188 409 1273 βάσιν
427 1188 488 1276 μὲν
512 1189 653 1276 ἐχούσης
671 1189 709 1258 τὸ
724 1197 1007 1259 ΑΕΒΖΓΗΔΘ
1025 1192 1128 1260 πολύ-

107 1320 230 1379 γωνον,
253 1295 340 1375 ύγος
364 1296 401 1364 δὲ
424 1295 461 1364 τὸ
487 1293 568 1364 αὐτὸ
589 1305 634 1386 τῳ
653 1301 832 1388 κυλίνδρῳ.
865 1298 920 1364 καὶ
940 1295 960 1385 ή
980 1299 1126 1385 πυραμὶς

108 1397 184 1485 άρα,
208 1392 247 1487 ής
270 1400 368 1487 βάσις
391 1403 452 1488 μέν
472 1400 596 1470 ἔστιτὸ
616 1409 895 1471 ΑΕΒΖΓΗΔΘ
913 1404 1125 1491 πολύγωνον,

106 1503 193 1586 ύψος
216 1506 253 1574 δὲ
276 1506 314 1576 τδ
338 1505 420 1576 αύτὸ
444 1512 489 1599 τῷ
508 1513 689 1599 κυλίνδρῳ,
713 1508 825 1595 μεῖζόν
845 1512 914 1577 ἐστι
933 1521 994 1579 τοῦ
1011 1511 1127 1580 κώνου

107 1616 169 1680 τού
198 1612 299 1697 βάσιν
328 1613 389 1698 μέν
412 1618 547 1699 ἔχοντος
569 1613 630 1680 τὸν
654 1619 787 1680 ΑΒΓΔ
809 1617 949 1699 κύκλον,
978 1613 1066 1696 ύψος
1089 1618 1127 1686 δὲ

107 1717 144 1786 τὸ
165 1717 247 1787 αύτδ
267 1722 312 1810 τῷ
332 1723 510 1811 κυλίνδρῳ.
544 1718 627 1786 ἀλλὰ
647 1719 703 1785 καὶ
723 1720 946 1808 ἐμπεριέχεται
965 1721 1003 1788 ἐν
1021 1719 1126 1813 αύτῷ·

107 1823 188 1910 ὅπερ
208 1823 388 1892 ἀδύνατον.
413 1823 474 1892 ούκ
494 1824 560 1912 άρα
578 1823 791 1913 ὁκύλινδρος
805 1835 865 1893 τοῦ
879 1825 992 1894 κάνον
1006 1834 1126 1914 μείζων
1149 1904 1153 1911 ,

107 1931 198 1998 ἐστὶν
222 1927 243 2018 ή
267 1930 468 2018 τριπλάσιος.

173 2038 259 2122 λέγω
283 2037 341 2124 δή,
366 2038 417 2105 ὅτι
441 2035 523 2105 ούδὲ
547 2038 698 2105 ἐλάσσων
722 2035 743 2124 ή
767 2039 969 2126 τριπλάσιος.

177 2148 207 2211 εί
229 2142 292 2231 γάρ
312 2143 471 2228 δυνατόν,
495 2149 587 2212 ἔστω.
625 2141 796 2211 άνάπαλιν
815 2143 881 2231 άρα
901 2141 919 2212 ὁ
938 2149 1046 2226 κῶνος
1064 2151 1125 2216 τοῦ

107 2253 293 2335 κυλίνδρου
315 2256 434 2337 μείζων
458 2251 550 2318 ἐστὶν
573 2245 594 2335 ή
619 2256 732 2331 τρίτον
755 2251 855 2337 μέρος
877 2254 922 2340 τῷ
942 2257 973 2316 Ρ
992 2258 1125 2345 στερεῷ,

106 2356 161 2422 καὶ
191 2354 411 2443 ἐγγεγράφθω
440 2359 487 2435 είς
514 2359 576 2424 τδν
599 2363 737 2424 ΑΒΓΔ
762 2355 887 2424 κύκλον
915 2357 1126 2445 τετράγωνον

106 2461 142 2529 τδ
159 2470 309 2548 ΑΒΓΔ,
332 2464 388 2530 καλ
411 2460 581 2530 άνεστάτω
602 2461 666 2531 άπὸ
686 2472 746 2529 τοῦ
761 2469 895 2530 ΑΒΓΔ
913 2465 1125 2552 τετραγώνου

107 2569 251 2655 πυραμὶς
270 2567 414 2655 ίσουηής
431 2579 476 2661 τῷ
496 2569 602 2660 κώνῳ.
631 2567 652 2655 ή
671 2567 737 2655 άρα
756 2566 961 2657 ἀνισταμένη
980 2572 1125 2659 πυραμίς

106 2680 225 2760 μείζων
254 2676 343 2743 έστὶν
371 2671 391 2761 ή
419 2674 456 2743 τὸ
486 2673 589 2762 ήμισυ
616 2680 678 2743 τοῦ
710 2671 832 2744 κοίνου.
882 2675 1125 2761 τετμήσθωσαν

109 2784 147 2847 αί
158 2791 189 2848 Α
195 2789 240 2867 Β,
259 2789 288 2849 Β
294 2788 336 2868 Γ,
356 2787 433 2868 ΓΔ,
448 2791 514 2850 ΔΑ
528 2783 734 2870 περιφέρειαι
749 2786 825 2868 δίχα
839 2780 921 2849 κατά
936 2778 974 2850 τὸ
990 2788 1125 2849 ΕΖΗΘ

108 2902 238 2974 σημεῖα,
255 2889 312 2956 καὶ
332 2887 585 2976 ἐπεζεύχθωσαν
604 2891 642 2954 ac
655 2896 736 2973 ΑΕ,
754 2895 833 2972 ΕΒ,
853 2894 930 2972 ΒΖ,
951 2892 1022 2971 ΖΓ,
1042 2893 1124 2973 ΓΗ,

108 3001 195 3079 ΗΔ,
217 3002 297 3078 ΔΘ,
321 3001 401 3080 ΘΑ,
421 2995 476 3062 καὶ
496 2993 664 3061 ἀνεστάτω
684 2991 744 3080 ἀφ’
766 2992 908 3061 ἑκάστου
925 3003 994 3062 τῶν
1008 2999 1124 3078 ΑΕΒ,

106 3106 212 3184 ΒΖΓ,
244 3107 365 3185 ΓΗΔ,
399 3107 502 3167 ΔΘΑ
530 3098 705 3187 τριγώνων
732 3099 878 3187 πυραμὶς
905 3097 1048 3184 ίσουψής
1077 3109 1123 3190 τῳ

106 3207 213 3298 κώνῳ.
256 3205 376 3292 ἑκάστη
400 3204 465 3294 άρα
488 3210 557 3273 τῶν
580 3202 815 3291 άυεσταμέυωυ
838 3208 1037 3291 πυραμίδων
1056 3210 1124 3290 μεί-

108 3319 171 3394 ζων
200 3313 292 3381 ἐστὶν
319 3309 340 3398 ή
368 3315 405 3381 τὸ
435 3311 538 3399 ήμισυ
560 3316 628 3380 τῶν
651 3309 730 3378 καθ’
762 3309 844 3378 αύτδ
873 3309 1040 3397 τμήματος
1062 3315 1124 3379 τοῦ

106 3418 227 3487 κοίνου.
264 3417 420 3504 τοιαύτης
443 3416 485 3504 δή
505 3419 685 3504 γινομένης
703 3413 754 3484 άελ
774 3419 975 3496 ἐπισκέψεως
993 3417 1124 3504 ληφθή-

107 3531 201 3591 σεταί
230 3551 305 3592 τινα
337 3524 488 3610 τμήματα
521 3521 585 3592 άπὸ
620 3533 682 3591 τοῦ
710 3521 791 3592 ὅλου
818 3522 947 3608 κάνου,
980 3519 1001 3590 ά
1032 3527 1123 3591 ἔσται

907 3631 962 3684 26*
