2468 3952
369 224 645 275 marmuroaun
663 224 772 275 amna
789 225 837 276 xr.
933 249 937 255 -
1066 220 1108 286 39

93 369 194 433 etiam
209 371 270 432 ΓΖ
285 397 326 420 =
341 371 428 449 ΒΜ,
443 369 514 432 ΓΗ
524 397 566 419 =
581 370 654 430 ΒΝ
665 368 768 450 [prop.
782 364 922 452 XXIV];
936 390 1012 432 nam
1026 368 1111 432 inter

94 497 129 541 se
152 474 307 560 opposita
330 478 413 539 sunt.
458 473 570 557 itaque
594 473 692 537 etiam
715 471 839 556 prisma
862 472 987 538 duobus
1009 474 1110 537 trian-
1181 534 1186 542 .

93 580 179 666 gulis
207 583 327 663 ΑΖΗ,
360 582 463 643 ΔΓΕ
488 583 522 643 et
549 579 654 643 tribus
682 579 997 663 parallelogrammis
1025 583 1111 662 ΑΛ,

94 690 182 772 ΔΗ,
211 688 282 751 ΓΗ
306 682 573 769 comprehensum
601 686 752 769 prismati
781 685 906 750 duobus
933 685 1110 768 triangulis

93 797 225 877 MAN,
253 796 355 858 ΘΒΚ
381 796 414 857 et
441 793 545 857 tribus
573 791 888 876 parallelogrammis
917 796 1003 874 BM,
1025 794 1110 874 ΘΝ,

93 904 167 965 BN
195 899 428 984 comprehenso
461 898 593 982 aequale
626 900 684 963 est
739 919 907 962 commune
939 897 1109 963 adiiciatur

94 1006 247 1091 solidum,
280 1006 370 1071 ouius
401 1005 490 1070 basis
519 1007 569 1071 est
595 1009 660 1068 AB
695 1004 1048 1089 parallelogrammum,
1081 1003 1110 1067 ei

94 1116 203 1178 autem
228 1112 414 1196 oppositum
437 1111 594 1176 ΗΕΘΜ.
639 1112 750 1196 itaque
774 1115 851 1176 ΓΜ
861 1142 903 1164 =
918 1116 995 1177 ΓΝ.

160 1217 250 1302 Ergo
281 1217 385 1282 solida
412 1217 686 1303 parallelepipeda
713 1219 748 1282 in
764 1215 888 1283 ¹eadem
916 1218 988 1283 basi
1016 1216 1110 1282 eollo-

93 1329 168 1390 oata
197 1329 230 1389 et
253 1324 388 1388 eandem
416 1323 621 1388 altitudinem
644 1324 814 1403 habentia,
843 1346 980 1410 quorum
1003 1320 1109 1388 r'eetae

93 1431 272 1505 eminentes
291 1430 326 1493 in
343 1429 457 1494 iisdem
476 1429 574 1496 raetis
593 1429 673 1514 sint,
691 1429 776 1493 inter
795 1451 829 1495 se
849 1432 998 1515 aequalia
1018 1433 1108 1513 sunt;

94 1536 182 1621 quod
205 1541 275 1602 erat
299 1536 592 1602 demonstrandum.

553 1747 654 1813 XXX.

164 1872 275 1938 Solida
298 1872 570 1957 parallelepipeda
597 1873 631 1941 iu
660 1873 770 1938 eadem
797 1873 870 1937 basi
894 1872 1053 1937 collocata
1076 1876 1109 1936 et

631 1978 765 2044 eandem
776 1978 980 2043 altitudinem
989 1977 1111 2043 haben·

630 2086 691 2169 tia,
728 2107 864 2170 quorum
895 2088 1002 2149 reatae
1035 2083 1111 2148 emi·

556 2328 576 2376 A
632 2299 707 2383 sint,
720 2299 806 2364 inter
820 2320 853 2362 se
868 2297 1016 2382 aequalia
1026 2297 1111 2360 sunt.

573 2418 576 2423 '
698 2406 737 2469 In
757 2405 867 2471 eadem
887 2403 958 2469 basi
976 2407 1041 2468 AB
1061 2423 1111 2466 so·

632 2511 700 2576 lida
737 2512 803 2575 sint
838 2507 1112 2595 parallelepipeda

632 2620 717 2700 ΓΜ,
732 2620 803 2681 ΓΝ
817 2616 950 2682 eandem
969 2613 1112 2681 altitudi-

632 2745 707 2788 nem
720 2724 881 2800 habentia,
897 2745 1034 2807 quorum
1043 2741 1111 2786 reo-

633 2833 687 2894 tae
715 2830 892 2895 eminentes
922 2833 999 2912 AZ,
1027 2830 1110 2909 ΑΗ,

631 2941 721 3020 ΛΜ,
744 2939 828 3018 ΛΝ,
847 2938 927 3020 ΓΛ,
945 2939 1020 3017 ΓΕ,
1035 2935 1111 3013 Bo,

93 3047 123 3108 Β
130 3047 166 3109 K
186 3044 221 3108 in
245 3043 361 3109 iisdem
384 3044 482 3109 rectis
502 3065 567 3109 non
586 3044 660 3108 sint
697 3042 781 3125 dieo,
805 3062 875 3105 esse
890 3044 968 3115 ΓΜ
977 3070 1019 3093 =
1033 3042 1110 3106 ΓΝ.

160 3150 381 3234 producantur
403 3150 489 3213 enim
508 3153 595 3233 NK,
615 3153 685 3224 ΔΘΙ
699 3152 732 3212 et
755 3148 840 3212 inter
864 3168 898 3211 se
917 3149 1110 3210 concurrant

92 3356 146 3395 ras.
166 3344 216 3395 est
274 3346 314 3396 10.
335 3357 425 3408 στερε-
444 3339 475 3395 in
494 3358 606 3426 ras-m²
619 3347 638 3394 .1
658 3340 688 3394 B.
751 3347 792 3395 11.
813 3340 941 3467 PNQN
956 3357 972 3395 e
991 3355 1059 3396 corr.
1079 3339 1109 3393 F.

148 3407 210 3466 ἐστί
225 3411 259 3479 V,
279 3427 369 3480 comp.
389 3410 444 3465 Fb.
518 3417 560 3466 16.
579 3413 620 3482 t]
639 3428 692 3467 om.
712 3432 743 3480 φ.
818 3417 868 3466 21.⁴
896 3430 1003 3466 στωσαν
1021 3409 1109 3463 BFV.

164 3478 328 3552 παράλληλα
348 3480 470 3537 ἐπίπεδα
490 3482 519 3538 Γ.
593 3488 636 3537 22.
656 3479 699 3553 ot]
722 3499 876 3552 suprascr.
896 3500 932 3536 m.
953 3501 1008 3539 reo.
1026 3480 1055 3534 P.

42 3607 46 3613 .
93 3553 540 3626 26.N1(]Neeorr.m.ab.
