2468 3952
129 173 194 237 104
499 174 701 225 ΣΤΟΙΧΕΙΩΝ
720 171 771 226 ια’.

128 313 425 400 αλληλόγραμμον,
454 312 498 392 ὡς
526 314 564 382 δὲ
593 312 613 400 A
637 322 708 382 HE
733 313 816 402 πρὸς
843 313 906 401 τὴν
930 322 1010 399 EA,
1039 314 1153 396 οὕτως

128 419 166 487 τὸ
189 426 264 486 ΗΚ
284 418 367 504 πρὸς
390 417 428 486 τὸ
454 426 538 506 ΚΛ,
564 419 609 500 ὡς
633 421 670 488 δὲ
694 418 714 506 A
739 427 803 487 ΘΕ
824 418 908 508 πρὸς
926 429 1015 507 ΕΜ,
1040 419 1149 505 οὕτως

129 531 167 597 τὸ
192 534 262 593 ΠΕ
287 524 370 613 πρὸς
396 524 433 593 τὸ
459 532 545 593 ΚΜ·
574 528 630 594 καὶ
658 525 703 606 ὡς
730 524 795 614 ἄρα
822 526 859 595 τὸ
885 535 961 594 ΑΗ
979 535 1148 614 παραλλη-

130 633 325 721 λόγραμμον
347 656 433 719 προς
454 635 493 701 τὸ
516 641 605 718 ΗΚ,
630 631 736 712 οὕτως
758 636 795 701 τὸ
821 640 894 700 ΗΚ
916 636 1001 721 πρὸς
1023 631 1062 701 τὸ
1081 637 1147 699 ΚΛ

95 740 185 811 ὁκαὶ
207 741 245 806 τὸ
270 746 341 806 ΠΕ
361 735 445 826 πρὸς
467 741 505 807 τὸ
528 746 614 806 ΚΜ.
655 737 729 806 ἀλλ’
756 737 801 819 ὥς
823 739 884 825 μὲν
908 739 945 808 τὸ
968 747 1045 808 ΑΗ
1061 741 1149 826 πρὸς

130 845 167 912 τὸ
192 850 278 928 ΗΚ,
307 842 412 924 οὕτως
435 848 472 913 τὸ
498 852 561 912 ΑΒ
586 849 723 933 στερεὸν
745 848 831 931 πρὸς
852 849 889 915 τὸ
914 849 978 922 ΕΞ
999 843 1148 931 στερεόν,

131 949 176 1031 ὡς
203 951 241 1019 δὲ
267 952 305 1019 τὸ
329 957 403 1019 HK
428 955 512 1040 πρὸς
538 955 576 1018 τὸ
606 959 689 1035 ΚΛ,
724 950 830 1032 οὕτως
856 953 893 1021 τὸ
921 955 984 1048 ΞΕ
1009 953 1151 1039 στερεὸν

130 1059 214 1144 πρὸς
240 1054 278 1124 τὸ
307 1064 378 1124 ΠΛ
402 1057 549 1143 στερεόν,
577 1056 621 1137 ὡς
650 1057 687 1125 δὲ
713 1062 751 1126 τὸ
781 1067 852 1126 ΠΕ
876 1061 959 1146 πρὸς
986 1060 1024 1125 τὸ
1055 1064 1148 1140 ΚΜ,

132 1161 238 1242 οὕτως
260 1166 297 1232 τὸ
322 1171 393 1230 ΠΛ
421 1168 557 1249 στερεὸν
579 1167 663 1252 πρὸς
690 1168 727 1233 τὸ
752 1172 820 1233 ΚΟ
847 1163 994 1249 στερεόν·
1023 1164 1079 1230 καὶ
1103 1161 1153 1243 ὡς

82 1296 113 1343 10
132 1269 197 1354 ἄρα
220 1272 257 1337 τὸ
272 1277 337 1337 AB
361 1268 498 1354 στερεὸν
520 1274 605 1355 πρὸς
627 1274 664 1339 τό
688 1274 766 1355 ΕΞ,
790 1270 897 1350 οὕτως
918 1268 955 1338 τὸ
980 1273 1044 1346 ΕΞ
1064 1272 1152 1356 πρὸς

132 1378 170 1442 τὸ
194 1382 265 1442 ΠΛ
287 1377 342 1442 καὶ
365 1376 402 1442 τὸ
422 1384 489 1442 ΠΛ
511 1380 594 1462 πρὸς
617 1380 654 1444 τὸ
675 1385 709 1444 Κ
715 1384 751 1445 Ο.
789 1380 848 1446 ἐὰν
873 1376 909 1445 δὲ
932 1378 1076 1463 τέσσαρα
1095 1402 1150 1462 με·

133 1483 218 1568 γέθη
250 1482 333 1548 κατὰ
359 1483 397 1550 τὸ
425 1483 560 1569 συνεχὲς
583 1479 752 1568 ἀνάλογον
775 1475 813 1570 A,
843 1483 881 1551 τὸ
905 1486 1040 1567 πρῶτον
1067 1484 1155 1568 πρὸς

133 1586 170 1655 τὸ
194 1588 352 1673 τέταρτον
370 1595 588 1676 τριπλασίονα
608 1590 710 1673 λόγον
730 1593 795 1674 ἔχει
813 1586 897 1675 ἤπερ
916 1587 999 1672 πρὸς
1017 1587 1054 1656 τὸ
1075 1588 1151 1656 δεύ-

133 1715 245 1779 τερον·
272 1692 310 1760 τὸ
334 1700 366 1759 Α
373 1700 401 1760 Β
424 1691 489 1778 ἄρα
513 1691 648 1778 στερεὸν
672 1691 755 1780 πρὸς
777 1695 815 1762 τὸ
839 1701 873 1760 Κ
879 1700 907 1760 0
928 1700 1151 1778 τριπλασίονα

82 1824 115 1873 15
135 1799 238 1885 λόγον
267 1804 332 1885 ἔχει
359 1798 443 1886 ἤπερ
471 1800 508 1867 τὸ
536 1806 601 1866 ΑΒ
633 1797 717 1882 πρὸς
749 1800 786 1867 τὸ
815 1802 885 1876 ΕΞ.
935 1797 1009 1867 ἀλλ’
1041 1799 1086 1880 ὡς
1112 1803 1154 1869 τὸ

136 1913 200 1973 ΑΒ
228 1907 312 1991 πρὸς
338 1908 376 1974 τὸ
399 1907 475 1991 ΕΞ,
507 1903 613 1983 οὕτως
640 1904 677 1973 τὸ
702 1913 778 1972 AH
800 1905 1153 1993 παραλληλόγραμμον

134 2015 216 2098 πρὸς
242 2014 279 2080 τὸ
302 2019 376 2079 ΗΚ
402 2013 457 2080 ααλ
485 2009 506 2097 A
530 2019 597 2078 ΑΕ
618 2009 735 2079 εὐθεῖα
759 2011 841 2098 πρὸς
856 2013 933 2099 τὴν
957 2018 1036 2079 ΕΚ·
1067 2010 1155 2079 ὥστε

134 2121 189 2185 καὶ
217 2121 255 2186 τὸ
279 2125 343 2184 ΑΒ
372 2119 507 2204 στερεὸν
534 2119 616 2204 πρὸς
645 2120 683 2184 τὸ
707 2125 741 2184 Κ
746 2126 774 2184 0
801 2124 1019 2206 τριπλασίονα
1047 2117 1154 2203 λόγον

136 2230 202 2310 ἔχει
224 2222 308 2311 ἥπερ
332 2220 353 2308 A
378 2231 446 2290 AE
467 2225 549 2308 πρὸς
571 2225 633 2310 τὴν
653 2231 728 2292 ΕΚ.
767 2232 842 2293 ἴσον
863 2224 900 2292 δὲ
918 2227 955 2294 τὸ
975 2224 1062 2310 [μὲν]
1084 2231 1118 2291 Κ
1124 2230 1155 2290 0

84 2356 117 2404 20
138 2332 272 2417 στερεὸν
295 2333 340 2420 τῷ
365 2334 431 2395 ΓΛ
454 2334 592 2421 στερεῷ,
614 2327 635 2416 A
661 2330 698 2398 δὲ
717 2338 786 2399 ΕΚ
804 2328 921 2398 εὐθεῖα
939 2336 979 2418 τῇ
999 2337 1071 2398 ΓΖ·
1096 2331 1156 2397 καὶ

137 2438 174 2504 τὸ
194 2443 258 2502 ΑΒ
282 2433 347 2520 ἄρα
370 2436 506 2519 στερεὸν
528 2438 611 2520 πρὸς
633 2439 670 2503 τὸ
688 2441 756 2502 ΓΔ
779 2438 915 2521 στερεὸν
933 2442 1154 2523 τριπλασίονα

138 2541 241 2628 λόγον
266 2548 331 2628 ἔχει
353 2540 437 2628 ἥπερ
457 2538 477 2626 A
498 2539 663 2627 ὁμόλογος
682 2539 787 2609 αὐτοῦ
806 2544 931 2628 πλευρὰ
950 2541 971 2627 A
992 2549 1055 2609 AE
1071 2544 1156 2629 πρὸς

137 2651 198 2735 τὴν
223 2646 390 2734 ὁμόλογον
413 2649 561 2731 πλευρὰν
584 2649 644 2734 τὴν
668 2654 737 2715 ΓΖ.

181 2756 186 2765 ’
210 2757 256 2822 Τὰ
279 2753 343 2841 ἄρα
368 2753 467 2840 ὅμοια
491 2756 607 2840 στερεὰ
630 2758 942 2842 παραλληλεπίπεδα
966 2755 1002 2820 ἐν
1021 2763 1154 2840 τριπλα-

86 2888 119 2936 25
139 2867 228 2929 οίονι
257 2860 345 2952 λόγῳ
375 2859 444 2928 ἐστὶ
472 2863 539 2927 τῶν
568 2858 745 2947 ὁμολόγων
773 2863 940 2942 πλευρῶν·
973 2860 1055 2948 ὅπερ
1086 2865 1156 2928 ἔδει

140 2970 252 3048 δεῖξαι.

205 3141 210 3155 ‚
548 3071 743 3159 Πόρισμα.

203 3178 258 3247 Ἐκ
282 3182 323 3267 δὴ
347 3180 468 3248 τούτου
491 3178 659 3267 φανερόν,
688 3177 738 3246 ὅτι
763 3180 820 3245 ἐὰν
844 3180 1000 3263 τέσσαρες
1023 3176 1156 3248 εὐθεῖαι

113 3312 116 3317 ’
139 3285 308 3372 ἀνάλογον
333 3279 428 3371 ὦσιν,
452 3291 543 3353 ἔσται
566 3283 611 3363 ὡς
633 3282 653 3371 A
673 3284 786 3372 προλτη
805 3284 888 3371 πρὸς
906 3287 966 3372 τὴν
983 3285 1158 3372 τετάρτην,

213 3451 236 3498 1.
258 3445 327 3515 ΗΕ]
348 3442 416 3499 οοττ.
436 3462 469 3499 ex
488 3447 547 3498 NE
567 3464 602 3498 m.
624 3451 637 3497 1
659 3445 684 3500 b.
788 3450 812 3498 2.
832 3441 885 3511 τὴν
904 3447 970 3498 ΕΜ
989 3445 1049 3501 BV.

140 3523 166 3571 8.
187 3516 257 3570 Post
275 3517 333 3569 HE
352 3515 416 3575 add.
436 3513 725 3585 παραλληλόγραμμον
745 3515 770 3570 V
790 3517 818 3570 et
836 3533 873 3570 m.
892 3532 946 3571 rec.
965 3514 995 3569 F.
1078 3522 1103 3572 5.
1122 3515 1157 3574 τὸ

81 3614 178 3688 λ
