2468 3952
162 188 230 255 270
537 191 738 243 ΣτοιΒΒιιια
756 188 825 258 ιγ..

162 329 228 415 ἄρα
250 330 271 417 ἡ
296 328 362 399 ὑπὸ
386 337 487 399 ΑΘΕ
507 334 564 417 τῆς
587 327 652 398 ὑπὸ
673 336 782 398 ΒΑΘ.
828 336 894 398 ἔστι
923 329 960 397 δὲ
987 329 1045 395 καὶ
1068 326 1089 416 ἡ
1114 326 1180 398 ὑπὸ

162 441 262 504 ΕΑΓ
279 440 338 523 τῆς
361 434 427 506 ὑπὸ
448 442 551 504 ΒΑΓ
570 439 687 522 διπλῆ,
712 436 887 524 ἐπειδήπερ
911 435 966 502 καῖ
985 436 1181 522 περιφέρεια

162 539 308 626 ηΕΑΓ
330 548 541 630 περιφερείας
567 546 625 628 της
648 547 709 609 ΓΒ
737 545 806 610 ἐστι
835 546 948 627 διπλῆ·
977 548 1033 625 ἴση
1064 540 1133 626 ἄρα
1160 569 1181 627 η

162 643 226 714 ὑπὸ
242 655 340 714 ΘΑΕ
360 654 467 733 γωνία
490 652 529 737 τῇ
548 645 614 716 ὑπὸ
630 654 742 716 ΑΘΕ·
767 645 850 716 ὥστε
869 648 925 715 καὶ
943 644 964 733 ἡ
979 654 1045 714 ΘΕ
1062 643 1180 714 εὐθεῖα

127 757 201 841 στῇ
230 760 307 838 ΕΑ,
339 755 488 821 τουτέστι
520 758 559 842 τῇ
589 762 654 821 ΑΒ
687 757 780 823 ἐστιν
813 762 878 840 ἴση.
932 753 987 820 καῖ
1020 754 1092 821 ἐπεὶ
1127 763 1179 839 ἴση

163 859 253 926 ἐστὶν
277 856 375 945 ἡΒΑ
398 860 515 927 εὐθεῖα
538 870 578 947 τῇ
593 867 675 945 ΑΕ,
699 868 755 946 ἴση
779 859 848 928 ἐστὶ
870 859 926 926 καῖ
945 865 1053 944 γωνία
1071 856 1093 945 ἡ
1115 856 1181 928 δπδ

162 968 327 1054 ΑΒΒιη
352 962 415 1033 ὑπὸ
430 973 540 1033 ΑΒΒ.
576 962 661 1033 cm&
686 963 706 1051 ἡ
729 962 796 1033 ὑπὸ
812 973 916 1033 ΑΒΒ
936 969 975 1053 ιη
999 961 1065 1033 ὑπὸ
1085 972 1180 1034 ΒΑο

162 1073 297 1157 ἐδείχθη
322 1078 391 1155 ἴση·
413 1070 470 1137 καὶ
492 1066 514 1156 ἡ
537 1068 602 1137 ὑπὸ
622 1077 718 1137 ΒΕΑ
741 1069 807 1156 ἄρα
829 1074 869 1159 τῇ
888 1069 953 1138 ὑπὸ
974 1076 1070 1138 ΒΑΘ
1089 1074 1181 1140 έστιν

162 1184 226 1262 ἴση.
271 1178 327 1244 καὶ
354 1173 451 1262 ποινη
478 1178 547 1244 τών
570 1175 634 1244 δύο
661 1178 836 1263 τριγώνων
858 1180 919 1244 τοῦ
941 1202 976 1244 τε
1000 1184 1106 1245 ΑΒΕ
1125 1179 1181 1245 καὶ

110 1303 143 1352 10
161 1287 223 1351 τοῦ
242 1289 341 1350 ΑΒΘ
365 1285 456 1351 ἐστιν
479 1278 500 1368 ἡ
525 1280 590 1349 ὑπὸ
611 1290 724 1350 ΑΒΕ·
748 1282 847 1368 λοιπὴ
871 1280 937 1370 ἄρα
955 1282 977 1369 ἡ
996 1279 1062 1350 ὑπὸ
1083 1291 1184 1355 ΒΑΕ

162 1393 268 1472 γωνία
279 1393 379 1477 λοιπῇ
394 1393 433 1478 τῇ
449 1386 514 1458 ὑπὸ
526 1396 624 1457 ΑΘΒ
640 1391 730 1456 ἐστιν
746 1396 815 1474 ἴση·
832 1387 1015 1474 ἰσογώνιον
1028 1386 1096 1475 ἄρα
1112 1390 1182 1458 ἐστὶ

162 1489 199 1558 τὸ
223 1500 326 1559 ΑΒΕ
345 1499 512 1581 τρίγωνον
535 1504 581 1585 τῷ
605 1500 706 1561 ΑΒΘ
727 1492 896 1584 τριγώνῳ·
920 1491 1091 1581 ἀνάλογον
1116 1495 1180 1584 ίιρα

162 1598 253 1665 ἐστὶν
276 1598 320 1678 ὡς
344 1595 364 1684 ἡ
384 1607 448 1666 ΕΒ
471 1597 553 1686 πρὸς
575 1598 638 1686 την
657 1606 740 1682 ΒΑ,
764 1596 871 1680 οὕτως
889 1596 909 1685 ἡ
930 1608 996 1667 ΑΒ
1015 1605 1100 1688 πρὸς
1119 1600 1180 1688 τὴν

162 1711 232 1773 ΒΘ.
277 1714 332 1791 ἴση
356 1706 394 1774 δὲ
416 1705 437 1790 ἡ
461 1712 528 1772 ΒΑ
549 1710 589 1792 τῇ
614 1714 688 1774 ΕΘ·
716 1704 761 1785 ώς
788 1705 853 1792 ἄρα
880 1706 900 1792 ἡ
925 1715 991 1774 ΒΕ
1010 1707 1098 1796 πρὸς
1120 1711 1182 1796 τὴν

110 1831 142 1879 15
162 1818 238 1895 ΕΘ,
267 1812 372 1890 οὕτως
399 1808 419 1896 ἡ
443 1817 506 1878 ΕΘ
533 1812 617 1897 πρὸς
644 1812 706 1897 την
728 1818 800 1879 ΘΒ.
850 1818 969 1897 μείζων
998 1812 1035 1880 δὲ
1063 1810 1084 1898 ἡ
1115 1821 1184 1882 ΒΕ

159 1920 218 2003 τῆς
240 1923 315 1984 ΕΘ·
339 1922 459 2002 μείζων
482 1914 547 2004 ἄρα
569 1916 625 1983 καῖ
648 1913 669 2002 ἡ
693 1923 756 1984 ΕΘ
783 1921 841 2002 τῆς
862 1924 933 1984 ΘΒ.
979 1915 999 2003 ἡ
1025 1924 1091 1984 ΒΕ
1114 1917 1180 2006 ἄρα

160 2020 265 2109 ἄκρον
292 2025 347 2091 καὶ
376 2026 479 2110 μέσον
509 2022 613 2109 λόγον
641 2025 796 2111 τέτμηται
818 2023 902 2091 κατὰ
925 2027 963 2092 τὸ
988 2031 1031 2109 Θ,
1061 2026 1119 2092 καὶ
1141 2028 1179 2094 τδ

160 2135 272 2215 μεῖζον
298 2133 409 2215 τμῆμα
442 2132 479 2197 τδ
508 2137 574 2196 ΘΕ
599 2137 675 2198 ἴσον
703 2129 772 2197 ἐστὶ
799 2132 839 2217 τῇ
867 2133 928 2197 τοῦ
960 2131 1181 2217 πενταγώνου

160 2239 296 2322 πλευρᾷ.
347 2235 471 2322 ὁμοίως
499 2233 540 2320 δὴ
570 2236 733 2321 δείξομεν,
764 2233 816 2302 ὅτι
843 2235 899 2302 καὶ
930 2232 950 2321 ἡ
979 2242 1049 2303 ΑΓ
1072 2235 1180 2326 ἄκρον

107 2359 141 2408 20
159 2341 215 2406 καὶ
242 2342 345 2425 μέσον
373 2340 478 2427 λόγον
505 2341 659 2426 τέτμηται
686 2338 768 2408 κατὰ
792 2339 829 2409 τὸ
852 2347 896 2425 Θ,
924 2341 1039 2409 καὶτὸ
1064 2352 1180 2429 μεῖζον

161 2443 262 2531 αὐτῆς
293 2449 402 2532 τμῆμα
435 2443 455 2531 ἡ
489 2450 549 2513 ΓΘ
582 2454 657 2514 ἴσον
690 2446 759 2514 έστῖ
790 2449 830 2533 τῇ
864 2448 925 2514 τοῦ
958 2448 1179 2534 πενταγώνου

160 2556 303 2640 πλευρᾷ·
328 2550 408 2639 ὅπερ
432 2556 500 2620 ἔδει
525 2554 639 2634 δεῖξαι.

643 2764 691 2833 θ’.

225 2883 311 2954 Ἐὰν
348 2885 368 2974 ἡ
405 2893 475 2956 τοῦ
514 2888 715 2973 ἑξαγώνου
752 2889 900 2974 πλευρὰ
942 2888 1006 2955 καῖ
1042 2886 1064 2974 ἡ
1103 2896 1180 2959 τοῦ

107 3012 140 3061 25
161 2992 395 3079 δεκαγώνου
422 2997 499 3062 τών
532 2997 587 3073 εἴς
614 2993 682 3060 τὸν
711 2990 834 3061 αὐτὸν
862 2992 1010 3062 κύκλον
1038 2996 1180 3086 έγγρα-

160 3101 344 3189 φαμένων
386 3103 653 3185 συντεθῶσιν,
695 3096 716 3184 ἡ
759 3095 827 3184 ὅλη
871 3096 1010 3166 εὐθεῖα
1051 3099 1180 3189 ίίκρον

233 3299 256 3346 1.
277 3294 345 3347 Post
363 3294 446 3346 ΑΘΕ
466 3293 529 3346 εδδ.
550 3288 606 3360 ἄρα
625 3293 707 3360 διπλῆ
728 3288 786 3347 ἐστι
806 3310 831 3361 q.
923 3292 991 3346 Post
1010 3297 1091 3349 ΒΑΘ
1111 3297 1178 3354 add.

158 3367 274 3432 γωνίας·
296 3360 376 3424 έαιδς
394 3361 448 3431 γάρ
467 3359 526 3417 ἔστι
545 3364 595 3418 τοῦ
614 3365 695 3418 ΑΒΘ
714 3360 851 3432 τριγώνου
871 3363 933 3433 Vq,
952 3363 974 3416 B
992 3382 1029 3419 m.
1049 3371 1075 3419 2.

160 3433 234 3489 ἔστιν
253 3433 311 3488 ΡΒ.
368 3439 392 3489 2.
414 3431 512 3503 ἐπειδή
531 3433 594 3489 BV.
649 3433 715 3504 καί]
737 3451 821 3504 supra
838 3453 874 3489 m.
895 3441 910 3488 2
929 3433 962 3490 B.
1030 3441 1055 3492 3.
1076 3439 1180 3510 ΕΔΓ]

160 3505 310 3573 ΕΑΓτῇς
329 3524 354 3573 q.
442 3501 516 3559 ἐστιν
535 3504 567 3559 Β.
658 3511 683 3560 4.
704 3505 794 3576 ΘΑΕ]
813 3507 897 3560 ΑΘΕ
917 3524 948 3576 q,
969 3503 1068 3561 ΘΑΕ”
1088 3507 1119 3565 b.
