2468 3952
364 200 641 255 ELEMENTORUM
658 200 767 252 LIBER
784 201 859 252 XIII.
1056 195 1120 261 281

175 345 262 411 Nam
285 344 319 409 in
338 344 493 410 circulum
512 346 695 426 ΑΒΓΔΕ,
718 342 809 407 cuiue
829 341 1006 407 diametrus
1025 340 1123 406 ratic-

106 452 194 518 nalia
209 452 262 536 sit,
274 452 494 536 pentagonum
509 449 744 534 aequilaterum
753 447 950 512 inscribatur
960 450 1123 512 ΑΒΓΔΕ.

107 558 195 643 dico,
221 557 308 622 latus
331 555 510 641 pentagoni
536 558 659 620 rectam
683 575 753 619 esse
775 553 998 619 irrationalem
1022 554 1124 618 mino·

106 686 177 729 rem
200 684 283 747 quae
306 665 448 728 uocetur.
714 673 717 679 '

178 772 326 834 sumatur
348 768 435 833 enim
458 770 604 833 centrum
628 765 740 832 circuli
763 769 791 831 Z
813 769 970 849 punctum
994 763 1124 849 [111‚1],
1161 793 1164 799 ·

107 879 142 940 et
170 875 328 940 ducantur
354 877 433 957 ΑΖ,
465 877 531 939 ΖΒ
559 876 592 937 et
618 872 838 956 producantur
865 870 907 937 ad
932 873 1054 954 puncta
1076 874 1123 948 H,

107 985 150 1064 Θ,
165 983 198 1046 et
213 980 349 1047 ducatur
361 982 438 1064 ΑΓ,
452 981 485 1043 et
498 982 639 1062 ponatur
653 981 721 1045 ΖΚ
734 1007 776 1031 =
793 976 863 1061 ¹l4A
869 982 905 1044 Z.
934 981 1000 1040 ΑΖ
1015 980 1124 1042 autem

107 1087 278 1151 rationalis
302 1089 366 1170 eet;
389 1085 500 1169 iteque
523 1084 622 1150 etiam
641 1088 708 1149 ΖΚ
725 1083 895 1149 rationalis
915 1086 973 1149 eet.
1009 1104 1123 1147 uerum

108 1192 208 1258 etiam
230 1195 293 1256 ΒΖ
320 1191 493 1257 rationalis
521 1193 580 1256 est
625 1191 736 1274 itaque
762 1193 835 1255 tota
858 1193 927 1255 ΕΚ
952 1188 1124 1254 rationalis

107 1302 168 1363 est.
219 1300 252 1363 et
285 1296 438 1382 quoniam
471 1318 564 1362 arcus
590 1299 702 1361 ΑΓΗ
730 1297 817 1360 arcui
845 1299 956 1360 ΑΔΗ
980 1295 1124 1380 aequalis

107 1406 168 1488 est,
187 1425 325 1488 quorum
343 1404 449 1469 ΑΒΓ
458 1431 500 1457 ==
513 1409 547 1467 A
552 1405 617 1466 ΕΔ
621 1452 630 1487 ‚
649 1402 712 1467 erit
731 1405 802 1467 ΓΗ
812 1432 854 1455 ==
868 1405 946 1467 HA.
976 1405 1010 1467 et
1029 1402 1125 1467 ducta

106 1514 176 1574 ΑΔ
204 1504 440 1592 concludimus,
469 1508 607 1594 angulos
635 1508 676 1573 ad
699 1513 731 1573 A
758 1508 884 1590 positos
910 1512 1018 1574 rectos
1045 1514 1124 1591 esae',

107 1618 142 1680 et
166 1617 228 1679 ΓΔ
242 1644 284 1668 ==
298 1615 385 1681 ΖΓΛ
409 1613 454 1701 [I,
475 1615 521 1696 4].
566 1613 678 1679 eadem
707 1614 745 1678 de
769 1635 865 1679 cauea
889 1615 986 1680 etiam
1012 1614 1125 1697 anguli

804 1719 845 1785 ad
864 1724 909 1785 M
926 1722 1027 1803 positi
1044 1722 1124 1786 recti

805 1830 947 1911 suntet

848 1952 918 2014 ΑΓ
927 1952 1079 2016 ι-ΖΓΜ,

803 2076 870 2140 iam
889 2075 1041 2158 quoniam

805 2200 987 2275 [Arm
1003 2202 1123 2284 AMZ,

805 2327 838 2388 et
864 2323 1001 2389 duorum
1024 2323 1124 2388 trien·
1193 2352 1217 2397 Α

736 2499 759 2546 Θ
804 2429 955 2514 gulorum
1015 2432 1124 2515 ΔΓΑ,

804 2539 913 2601 ΑΜΖ
943 2536 1123 2601 communia

806 2645 856 2706 est
887 2644 1028 2726 [ΛΑΓ
1063 2641 1125 2706 erit

804 2751 946 2823 [ΑΓΛ
961 2778 1004 2802 ---
1018 2752 1124 2812 ΜΖΑ

806 2853 849 2937 [Ι,
881 2854 947 2936 32].
1014 2855 1124 2937 itaque

108 2955 267 3042 trianguli
289 2959 398 3042 ΑΓΛ,
426 2962 535 3023 ΑΜΖ
563 2958 771 3045 aequianguli
800 2962 884 3025 sunt.
933 2959 996 3024 erit
1024 2959 1124 3044 igitur

110 3060 182 3142 [VI‚
200 3062 236 3144 4]
256 3068 288 3128 A
295 3066 344 3129 F:
359 3067 420 3129 ΓΑ
435 3094 477 3116 =
492 3068 565 3128 ΜΖ
580 3087 587 3128 :
603 3069 672 3130 ZA.
708 3069 741 3130 et
760 3069 890 3151 sumpto
909 3064 1007 3147 duplo
1031 3086 1123 3149 prae·

107 3168 292 3234 cedentium
320 3170 381 3234 erit
411 3170 882 3237 2AP2FA=2MZ:ZA.
937 3171 993 3236 sed
1024 3171 1124 3237 2Mz

107 3377 176 3448 ΑΓ]
196 3394 349 3447 suprascr.
369 3384 395 3434 Δ
412 3397 449 3434 m.
471 3385 485 3432 1
504 3380 539 3435 b:
606 3387 646 3437 19.
666 3381 734 3452 τῶν]
754 3397 823 3437 corr.
843 3397 877 3436 ex
894 3377 913 3450 ὴ
932 3399 968 3436 m.
990 3388 1004 3435 1
1024 3383 1050 3438 b.

106 3453 131 3502 A
138 3450 199 3518 ΓΑ]
218 3453 300 3518 Ani?
316 3449 376 3503 BV.
440 3457 483 3507 20.
502 3451 595 3523 ΑΛΓ]
615 3457 663 3506 ΛΑ
682 3468 697 3507 e
716 3468 785 3508 corr.
804 3452 838 3509 V.
892 3453 985 3525 ΑΓΛ]
1005 3468 1075 3508 corr.
1090 3466 1123 3505 er

108 3523 192 3574 ΑΛΓ
206 3537 244 3576 m.
263 3536 318 3576 ree.
332 3520 364 3576 B.
421 3527 463 3576 23.
481 3521 553 3594 ΑΓ]
574 3525 621 3577 ΓΛ
641 3521 697 3592 Vq.
752 3519 804 3594 τὴν
820 3527 866 3578 ΓΑ
880 3522 913 3579 V.
968 3520 1020 3594 τὴν
1036 3527 1079 3578 ΖΑ
1088 3520 1122 3577 V.
