2468 3952
132 220 196 284 156
501 219 701 271 Στοαοιαα
720 214 770 289 ιμ’.

130 360 152 448 ἡ
176 366 335 450 πυραμίς,
362 353 403 448 ἧς
432 359 529 446 βάσις
551 359 589 429 τὸ
614 367 711 429 ΕΒΖ
740 364 922 446 τρίγωνον,
952 359 1087 447 κορυφὴ
1113 359 1154 428 δὲ

131 466 169 535 τὸ
193 473 228 533 K
250 479 400 554 σημεῖον,
430 475 485 553 ἴση
510 467 578 534 ἐστὶ
601 469 774 553 πυραμίδι,
798 456 837 551 ἧς
860 463 958 550 βάσις
979 464 1018 534 τὸ
1041 473 1154 534 ΑΕΗ

132 578 314 659 τρίγωνον,
346 571 479 661 κορυφὴ
509 571 546 639 δὲ
573 571 611 641 τὸ
635 579 664 639 Θ
691 582 842 658 σημεῖον·
876 569 942 639 ὑπὸ
971 570 1035 661 γὰρ
1065 580 1153 641 ἴσων

132 680 187 746 καὶ
208 676 335 766 ὁμοίων
354 679 519 747 ἐπιπέδων
538 679 756 765 περιέχονται.
790 675 875 746 ὥστε
888 678 944 745 καί
957 676 996 746 τὸ
1011 685 1154 767 πρίσμα,

98 777 175 853 οοῦ
198 785 296 872 βάσις
319 785 381 872 μὲν
402 785 440 854 τὸ
465 791 607 852 ΕΒΖΗ
625 784 985 872 παραλληλόγραμμον,
1008 783 1154 854 ἀπεναν-

132 896 207 959 τίον
226 891 263 960 δὲ
282 890 303 978 ἡ
319 897 387 958 ΘΚ
404 887 537 975 εὐθεῖα,
556 889 669 975 μεῖζόν
688 893 756 958 ἐστι
775 894 974 980 πυραμίδος,
994 881 1034 977 ἧς
1052 889 1155 976 βοίσις

133 998 195 1084 μὲν
214 997 251 1066 τὸ
267 1004 378 1065 ΑΕΗ
391 1002 569 1086 τρίγωνον,
587 994 720 1086 κορυφὴ
741 996 778 1065 δὲ
796 995 833 1065 τὸ
848 1005 877 1065 Θ
895 1006 1044 1083 σημείου.
1074 1005 1153 1065 ἴσον

134 1103 172 1171 δὲ
198 1102 236 1172 τὸ
265 1103 326 1191 μὲν
354 1108 495 1192 πρίσμα,
524 1094 566 1171 οὖ
594 1105 690 1189 βοίσις
718 1102 757 1171 τὸ
780 1109 923 1171 ΕΒΖΗ
942 1102 1154 1191 παραλληλό-

134 1237 304 1297 γραμμον,
331 1207 534 1278 ἀπεναντίον
557 1209 594 1278 δὲ
617 1207 638 1297 ἡ
662 1216 730 1277 ΘΚ
752 1207 883 1295 εὐθεῖα,
911 1212 957 1301 τῷ
981 1214 1155 1296 πρίσματι,

83 1334 116 1384 10
136 1308 178 1384 οὗ
206 1316 303 1401 βάσις
330 1316 392 1400 μὲν
418 1314 456 1385 τὸ
479 1321 585 1383 ΗΖΓ
607 1322 789 1405 τρίγωνον,
820 1313 1023 1384 ἀπεναντίον
1052 1315 1091 1384 δὲ
1112 1314 1153 1383 τὸ

136 1427 238 1488 ΘΚΛ
256 1427 435 1507 τρίγωνον·
459 1420 480 1508 ἡ
500 1422 538 1491 δὲ
555 1428 712 1509 πυραμίς,
731 1414 771 1508 ἦς
789 1421 886 1507 βάσις
903 1422 941 1490 τὸ
960 1428 1071 1489 ΑΕΗ
1085 1426 1155 1509 τρί-

136 1551 262 1612 γωνον,
290 1527 423 1615 κορυφὴ
447 1528 484 1596 δὲ
507 1526 544 1596 τὸ
568 1537 596 1596 Θ
620 1542 773 1616 σημείου,
802 1537 857 1614 ἴση
887 1528 956 1596 ἐστὶ
978 1531 1157 1617 πυραμίδι,

136 1623 176 1717 ἧς
193 1632 291 1718 βοίσις
307 1631 346 1701 τὸ
365 1640 433 1701 ΘΚ
438 1641 468 1701 Α
485 1639 663 1721 τρίγωνον,
685 1633 817 1721 κορυφὴ
839 1634 876 1701 δὲ
893 1631 932 1702 τὸ
953 1644 986 1700 Δ
1003 1647 1155 1720 σημεῖον.

135 1737 176 1805 τὰ
199 1737 266 1829 ἀρα
289 1742 447 1828 είρημένα
471 1740 533 1808 δύο
557 1727 723 1830 πρίσματα
743 1738 878 1827 μείζονά
898 1743 965 1808 ἐστι
981 1744 1049 1809 τῶν
1065 1746 1155 1829 είρη-

85 1861 116 1912 15
136 1846 248 1931 μένων
267 1847 330 1913 δύο
349 1849 559 1933 πυραμίδων,
579 1837 627 1914 ὦν
646 1846 760 1932 βάσεις
778 1846 839 1933 μὲν
857 1844 898 1913 τὰ
913 1854 1034 1935 ΑΕΗ,
1054 1855 1157 1916 ΘΚΑ

136 1956 298 2038 τρίγωνα,
321 1952 469 2041 κορυφαὶ
494 1951 531 2019 δὲ
553 1949 593 2021 τά
618 1959 661 2038 Θ,
686 1961 720 2020 Δ
743 1963 870 2039 σημεῖα.
988 1976 992 1985 ·

198 2055 245 2125 Ἡ
262 2057 328 2145 ἀρα
352 2056 412 2145 ὅλη
436 2063 591 2145 πυραμίς,
615 2051 656 2146 ἧς
678 2058 775 2144 βάσις
798 2057 835 2126 τὸ
855 2065 961 2127 ΑΒΓ
973 2065 1156 2148 τρίγωνον,

136 2162 269 2249 κορυφὴ
294 2163 331 2232 δὲ
349 2164 386 2232 τὸ
412 2173 445 2232 Δ
468 2179 623 2252 σημεῖον,
651 2165 805 2252 διῄρηται
834 2174 883 2245 είς
904 2192 939 2234 τε
963 2165 1026 2234 δύο
1049 2191 1156 2256 πνρα-

138 2272 237 2354 μίδας
261 2276 335 2348 ίσας
357 2267 517 2356 ἀλλήλαις
540 2271 609 2354 [καὶ
634 2268 751 2356 ὁμοίας
773 2275 814 2359 τῇ
838 2269 913 2360 ὅλῃ]
937 2273 994 2340 καὶ
1017 2276 1065 2352 εἰς
1088 2270 1154 2340 δύο

63 2391 119 2440 ‚20
137 2377 303 2459 πρίσματα
332 2382 404 2459 ίσα,
431 2373 550 2441 καὶτὰ
579 2375 641 2444 δύο
664 2381 831 2464 πρίσματα
859 2376 994 2464 μείζονά
1018 2380 1110 2446 ἐστιν
1132 2374 1155 2465 ἢ

137 2476 175 2546 τὸ
198 2475 302 2565 ἥμισυ
323 2482 382 2565 τῆς
405 2477 484 2566 ὅλης
507 2486 706 2568 πυραμίδος·
731 2479 812 2570 ὅπερ
836 2487 903 2550 ἔδει
927 2485 1042 2564 δείξαι.

627 2693 668 2761 δ’.

203 2811 291 2882 Ἐὰν
315 2806 389 2882 ὦσι
413 2815 484 2884 δύο
507 2823 729 2904 πυραμίδες
756 2817 830 2887 ὑπὸ
860 2817 902 2888 τὸ
931 2816 1030 2888 αὐτὸ
1053 2820 1156 2903 ὕψος

137 2920 360 3008 τριγώνους
392 2927 554 3009 ἔχουσαι
586 2922 737 3009 βάσεις,
771 2928 957 3014 διαιρεθῇ
991 2926 1033 2995 δὲ
1065 2927 1155 2994 ἑκα-

85 3043 119 3093 25
137 3029 229 3114 τέρα
257 3024 385 3095 αὐτῶν
414 3036 471 3107 είς
497 3053 536 3095 τε
565 3028 639 3096 δύο
667 3034 892 3116 πυραμίδας
919 3039 1007 3110 ίσας
1034 3028 1155 3118 ἀλλή-

139 3141 227 3214 λαις
255 3133 320 3201 ααί
348 3130 487 3219 ὁμοίας
513 3137 557 3222 τῇ
587 3132 657 3223 ὅλῃ
685 3135 749 3202 καί
778 3141 833 3215 είς
861 3134 933 3205 δύο
956 3141 1155 3224 πρίσματα

210 3334 235 3384 2.
255 3325 302 3409 τό]
321 3329 392 3397 (alt.)
411 3325 445 3382 τά
465 3346 491 3397 q.
582 3327 672 3413 4316]
693 3347 746 3385 om.
768 3331 800 3384 V.
888 3336 929 3384 15.
949 3327 1015 3403 δίο]
1036 3333 1053 3401 β
1071 3331 1097 3384 V
1115 3332 1156 3401 (in

138 3400 349 3538 ἀλλᾞδ)
373 3401 597 3538 q.{‘3'1‘‡1““‘3f⁰⁹]
610 3418 711 3544 δολί
714 3401 879 3528 ὀἳδῗλ
898 3473 923 3527 v
946 3399 1156 3598 βάῗῗςίιῐλλλ

139 3537 173 3594 V.
224 3489 645 3610 1δ.ίσας’τε’ναλὸ1ρίοίαςοδδ.
695 3543 745 3598 καί
764 3540 864 3613 ὁμοίας
876 3564 909 3616 τη
924 3516 989 3616 δ’λρ]
1005 3515 1060 3601 σαι.
1148 3513 1154 3528 ⁶

81 3624 141 3712 ἱ
