2468 3952
449 187 632 239 APPENDIX
649 188 683 240 11.
1005 184 1070 249 393

56 331 119 395 τοῦ
144 329 180 395 ἐν
205 324 294 420 αύτῷ
314 326 527 414 πολυγώνου·
551 332 662 411 μεῖζον
682 324 747 412 ἄρα
765 326 821 393 καὶ
839 326 877 395 τὸ
900 335 931 394 Φ
949 331 1074 413 χωρίον

57 437 119 501 τοῦ
138 439 439 501 ΕΚΖΛΗΜΘΝ
458 432 666 519 πολυγώνου.
703 431 787 500 ἀλλὰ
812 430 879 519 μὴν
902 434 957 500 καλ
981 439 1075 500 ἔλασ-

59 560 122 606 σου
145 536 183 607 τὸ
210 546 252 605 Φ·
278 540 358 627 ὅπερ
383 538 563 608 ιἰδύυατου.
601 535 662 606 ούκ
686 537 751 625 ἄρα
775 538 865 606 ἐστὶν
885 536 930 618 ὡς
947 537 985 606 τὸ
1005 537 1070 605 ἀπὸ

57 649 117 732 τῆς
136 652 203 712 ΒΔ
222 646 433 732 τετρύχωυου
452 643 535 733 πρὸς
553 643 590 711 τὸ
612 642 676 712 ιἰπδ
696 654 762 730 τῆς·
774 652 835 712 ΖΘ
853 644 1075 731 τετράγωνον,

59 750 166 830 οὕτως
190 749 207 819 δ
235 757 366 819 ΑΒΓΔ
388 751 509 831 κύκλος
532 748 613 838 πρὸς
637 749 779 818 ἔλασσόν
802 777 834 817 τι
857 754 917 818 τού
942 758 1077 818 ΕΖΗΘ

57 861 185 927 κύκλου
208 863 342 945 χωρίου.

149 966 233 1049 λέγω
258 962 316 1050 δή,
341 961 391 1031 ὅτι
416 961 496 1031 ούδὲ
519 961 603 1048 πρὸς
625 970 747 1050 μεῖζον.
783 967 814 1031 εί
833 962 897 1051 γὰρ
917 963 1076 1050 δυυατόυ,

59 1077 143 1140 ἔστω
167 1068 249 1157 πρὸς
272 1069 309 1136 τδ
332 1077 371 1136 Φ.
408 1067 575 1138 ἀνάπαλιν
599 1067 664 1157 ἄρα
688 1070 778 1138 ἐστὶν
802 1069 846 1150 ὡς
869 1068 906 1137 τὸ
931 1069 995 1138 ίιπὸ
1020 1074 1077 1156 τῆς

61 1185 122 1244 ΖΘ
150 1175 360 1265 τετράγωνον
393 1173 476 1261 πρδς
506 1173 544 1243 τδ
573 1174 639 1243 ἀπὸ
668 1180 726 1261 τῆς
757 1183 823 1243 ΔΒ
855 1173 1077 1262 τετράγωνον,

63 1284 169 1361 οὕτως
192 1280 228 1349 τὸ
256 1289 287 1348 Φ
309 1287 433 1368 χωρίου
456 1279 540 1368 πρὸς
562 1280 623 1349 τὸυ
647 1288 781 1348 ΑΒΓΔ
803 1281 938 1349 κύκλου.
975 1280 1019 1361 ὡς
1038 1281 1075 1349 δὲ

60 1387 97 1456 τὸ
116 1395 147 1454 Φ
165 1393 289 1474 χωρίου
307 1385 390 1472 πρὸς
408 1385 469 1454 τδυ
484 1393 618 1454 ΑΒΓΔ
631 1387 768 1472 κύκλου,
788 1385 894 1466 οὕτως
909 1385 926 1456 ὁ
943 1394 1078 1455 ΕΖΗΘ

61 1497 182 1572 κύκλος
210 1492 293 1581 πρὸς
320 1492 465 1562 ἔλασσόν
492 1519 524 1560 τι
551 1496 612 1561 τού
636 1500 769 1561 ΑΒΓΔ
795 1493 921 1562 κύκλου
944 1499 1078 1581 χωρίου·

63 1599 107 1680 ὡς
130 1599 196 1687 ίίρα
218 1599 256 1666 τὸ
282 1597 345 1667 ἀπὸ
370 1603 429 1685 τῆς
448 1606 511 1666 ΖΘ
532 1599 743 1687 τετρύχωυου
766 1603 850 1685 πρὸς
872 1597 910 1666 τδ
934 1596 1000 1666 ἀπὸ
1020 1604 1077 1685 τῆς

62 1715 129 1774 ΔΒ
152 1705 374 1795 τετράγωνον,
404 1707 511 1786 οὕτως
534 1703 552 1774 δ
577 1713 713 1774 ΕΖΗΘ
734 1705 855 1786 κύκλος
878 1704 961 1795 πρδς
985 1711 1079 1786 ἔλασ-Ἰ

62 1813 125 1881 σύυ
157 1839 188 1879 τι
219 1817 280 1879 τού
310 1819 444 1881 ΑΒΓΔ
471 1812 596 1881 κύκλου
624 1818 763 1902 χωρίου·
795 1812 876 1900 ὅπερ
909 1809 1079 1880 ἀδύνατον

63 1921 236 1987 δέδεικται.
287 1917 348 1986 ούκ
372 1918 438 2007 ἄρα
462 1919 552 1988 ἐστὶν
577 1917 622 1998 ὡς
643 1919 681 1987 τὸ
706 1919 772 1987 ἀπὸ
795 1924 853 2006 τῆς
877 1927 944 1987 ΒΔ
966 1917 1078 2006 τετρύ-

62 2052 176 2112 χωυον
207 2024 291 2111 πρὸς
322 2023 360 2092 τὸ
393 2021 458 2093 ἀπὸ
489 2030 548 2111 τῆς
577 2032 638 2092 ΖΘ
665 2024 892 2113 τετράγωνον,
927 2021 1033 2103 οὕτως
1060 2021 1078 2092 δ

63 2138 197 2198 ΑΒΓΔ
228 2131 349 2211 κύκλος
380 2129 463 2220 πρὸς
495 2130 608 2217 μεῖζόν
640 2157 672 2198 τι
703 2135 764 2199 τοῦ
793 2138 928 2198 ΕΖΗΘ
955 2130 1080 2198 κύκλου

63 2243 196 2325 χωρίου.
248 2240 383 2325 ἐδείχθη
408 2238 461 2323 δέ,
491 2234 542 2304 ὅτι
573 2234 653 2305 οὐδὲ
680 2236 764 2325 πρὸς
788 2242 938 2304 ἔλασσον.
990 2240 1080 2303 ἔστιν

63 2342 129 2428 ἄρα
154 2341 199 2422 ιὸς
221 2341 258 2410 τὸ
285 2341 348 2411 ἀπὸ
372 2347 431 2429 τῆς
450 2351 477 2410 Β
485 2353 517 2410 Δ
540 2342 751 2432 τετρύχαυου
774 2343 857 2429 πρὸς
879 2342 917 2411 τὸ
938 2340 1002 2410 ἀπὸ
1022 2346 1080 2428 τῆς

64 2457 126 2516 ΖΘ
153 2449 379 2536 τετράγωνον,
414 2446 519 2528 οὕτως
551 2447 569 2517 ὁ
598 2455 732 2517 ΑΒΓΔ
763 2447 885 2528 κύκλος
911 2447 994 2535 πρδς
1021 2447 1082 2515 τὸν

66 2563 202 2622 ΕΖΗΘ
224 2554 357 2622 κύκλου.

469 2667 630 2674 ---.-«,Α
655 2669 680 2672 .-

134 2772 233 2835 Πᾶσα
260 2767 404 2854 πυραμὶς
431 2772 596 2853 τρίχαυου
625 2772 748 2854 ἔχουσα
774 2768 876 2853 βάσιν
905 2770 1116 2855 διαιρείταις

66 2881 113 2952 είς
144 2899 179 2940 τε
212 2872 274 2941 δύο
302 2879 491 2960 πυραμίδας
524 2882 597 2953 ίσας
624 2871 784 2959 ἀλλήλαις
813 2872 868 2940 καλ
897 2869 1014 2959 ὁμοίας
1040 2877 1080 2960 τῇ

66 2976 134 3066 δ’λχχ·
155 2979 211 3046 καλ
239 2984 287 3058 είς
311 2982 373 3048 δύο
396 2987 563 3071 πρίσματα
587 2988 657 3064 λ’σα,
685 2980 741 3047 καλ
763 2979 803 3047 τδι
829 2977 891 3046 δύο
915 2983 1082 3066 πρίσματα

64 3089 122 3170 τῆς
146 3086 225 3171 ὅλης
248 3090 435 3173 πυραμίδος
458 3085 592 3172 μείζονά
616 3087 706 3152 ἐστιν
729 3080 749 3170 ἢ
775 3085 810 3153 τὸ
835 3082 948 3171 ἥμισυ.

135 3196 216 3259 ἔστω
240 3196 394 3279 πυραμίς,
417 3184 457 3278 ἧς
480 3190 576 3276 βάσις
599 3191 660 3277 μὲν
684 3195 767 3257 ἔστω
790 3188 827 3257 τὸ
847 3195 950 3258 ΑΒΓ
968 3196 1083 3280 τρίχω-

67 3323 140 3381 υου,
164 3295 296 3385 κορυφὴ
322 3296 359 3364 δὲ
382 3295 420 3365 τδ
446 3306 478 3363 Δ
502 3309 650 3383 σημείου.
696 3297 799 3382 λέγω,
828 3296 879 3363 ὅτι
903 3293 923 3382 ἡ
949 3302 1083 3363 ΑΒΓΔ

67 3403 211 3487 πυραμὶς
239 3407 416 3490 διαιρεῖται
447 3410 493 3483 είς
520 3428 554 3470 τε
583 3402 645 3471 δύο
675 3406 865 3490 πυραμίδας
889 3399 1083 3487 ίσαςοίλλή-

68 3516 140 3586 λαις
172 3511 224 3575 καλ
257 3506 375 3594 ὁμοίας
402 3513 442 3596 τῇ
470 3509 531 3598 ὅλῃ
560 3512 615 3578 καλ
646 3514 692 3591 είς
724 3508 788 3577 δύο
820 3514 986 3597 πρίσματα
1019 3517 1083 3577 λ’σα.
