2468 3952
437 40 461 77 Ο

150 184 216 249 292
527 183 729 237 Συοιευικυ
747 176 796 250 ιγ’.

214 325 450 413 Ἐκβεβλήσθω
483 322 548 411 γὰρ
582 322 632 392 ἐπ’
667 321 802 404 εὐθείας
833 326 872 410 τῇ
899 327 966 389 ΚΘ
997 314 1156 403 εὐθεΐαή

150 439 231 518 ΘΛ,
259 434 315 500 καὶ
342 438 468 500 κείσθω
495 435 536 520 τῇ
561 437 621 499 ΓΒ
649 438 705 517 ίση
733 428 753 517 ή
777 437 851 497 ΘΛ.
894 429 949 495 καὶ
977 427 1051 494 ἐπεί
1075 426 1158 493 ἐστιν

151 535 196 617 ὡς
219 535 239 623 ἡ
263 542 334 604 ΑΓ
350 536 436 627 πρὸς
457 536 520 625 τήν
544 543 626 622 ΓΔ,
651 534 757 617 οὕτως
779 534 800 622 ἡ
821 541 881 603 ΓΔ
903 530 986 621 πρὸς
1007 529 1070 618 τήν
1090 536 1159 613 ΓΒ,

151 652 207 728 ίση
236 643 274 712 δέ
302 642 322 730 ή
351 644 413 730 μέν
435 650 507 712 ΑΓ
531 647 571 732 πή
595 651 677 728 ΚΘ,
704 642 724 729 ή
754 640 792 710 δέ
814 646 880 708 ΓΔ
905 650 945 728 τῇ
973 644 1051 723 ΘΕ,
1079 634 1101 724 ἡ
1129 635 1160 704 δέ

117 757 213 818 οΓΒ
246 756 286 839 τῇ
320 758 400 833 ΘΛ,
433 754 525 818 ἐστιν
558 748 624 838 ἄρα
657 749 702 830 ὥς
733 747 754 836 ή
787 755 853 817 ΚΘ
882 744 965 835 πρὸς
993 744 1059 832 τήν
1090 749 1160 828 ΘΕ,

151 855 259 952 οὕτως
285 855 305 943 ή
335 865 399 925 ΕΘ
424 857 509 945 πρὸς
537 855 601 944 τήν
629 862 707 924 ΘΛ·
738 853 777 924 τὸ
805 854 871 942 ἄρα
896 851 961 921 ὑπὸ
988 856 1058 920 τῶν
1087 857 1161 934 ΚΘ,

151 970 216 1032 ΘΛ
240 972 317 1031 ίσον
341 964 410 1031 ἐστὶ
432 974 479 1055 τῷ
504 960 569 1031 ἀπὸ
594 968 652 1049 τῆς
674 970 746 1030 ΕΘ.
791 967 850 1028 καί
870 961 959 1028 ἐστιν
982 954 1072 1045 ὀρθὴ
1098 958 1162 1025 ἕκα·

134 1072 229 1158 ’τέρα
256 1081 325 1139 τοδν
349 1067 414 1137 ὑπὸ
439 1076 556 1155 ΚΘΕ,
584 1075 683 1137 ΕΘΛ
706 1071 852 1156 γωνιῶν·
879 1064 917 1135 τὸ
944 1063 1010 1152 ἄρα
1034 1064 1087 1132 ἐπὶ
1111 1066 1163 1149 τῆς

151 1182 216 1242 ΚΛ
240 1175 458 1263 γραφόμενον
482 1175 682 1263 ἡμικύκλιον
705 1173 776 1262 ήξει
793 1173 849 1242 καὶ
869 1171 924 1240 διὰ
942 1174 1005 1239 τοῦ
1019 1179 1052 1239 Ε
1072 1171 1164 1255 [ἐπει-

101 1301 133 1350 10
153 1285 257 1368 δήπερ
282 1280 342 1349 ἐὰν
366 1281 584 1370 ἐπιζεύξωμεν
606 1280 668 1368 τήν
692 1289 772 1366 ΕΛ,
796 1278 885 1368 ὀρθή
907 1284 1034 1364 γίνεται
1058 1274 1079 1363 ή
1103 1272 1164 1344 ὑπὸ

152 1394 258 1455 ΛΕΚ
288 1395 395 1472 γωνία
432 1387 488 1456 διὰ
520 1387 557 1456 τὸ
591 1389 773 1474 ἰσογώνιον
810 1392 967 1473 γίνεσθαι
1000 1382 1040 1453 τὸ
1068 1387 1168 1451 ΕΛΚ

152 1498 319 1577 τρίγωνον
343 1493 486 1585 έκατέρφ
509 1499 578 1562 των
602 1502 712 1581 ΕΛΘ,
741 1500 845 1561 ΕΘΚ
866 1490 1064 1578 τριγώνων].
1110 1489 1168 1557 ἐὰν

153 1595 196 1682 δὴ
225 1597 393 1685 μενούσης
419 1605 478 1687 τῆς
500 1607 565 1667 ΚΛ
594 1599 808 1690 περιενεχθὲν
834 1598 872 1667 τὸ
901 1595 1101 1684 ἡμικύκλιον
1125 1597 1168 1673 είς

151 1701 189 1769 τὸ
215 1700 297 1772 αὐτὸ
320 1704 422 1774 πάλιν
446 1704 723 1795 ἀποκατασταθῇ,
747 1704 831 1774 ὅθεν
850 1703 971 1793 ήρξατο
991 1703 1166 1790 φέρεσθαι,

102 1829 134 1878 15
152 1806 222 1894 ήξει
245 1810 300 1876 καὶ
325 1810 381 1878 διὰ
405 1822 474 1880 τῶν
499 1820 543 1897 Ζ,
566 1819 602 1880 H
624 1819 771 1899 σημείων
794 1810 1079 1896 ἐπιζευγνυμένων
1102 1810 1168 1874 τῶν

154 1921 233 1999 ΖΛ,
257 1922 332 1983 AH
351 1918 407 1984 καὶ
429 1915 546 2003 ὀρθῶν
567 1917 689 2005 ὁμοίως
706 1919 895 2006 γινομένων
913 1919 981 1984 τῶν
999 1913 1085 2002 πρὸς
1101 1925 1170 1991 τοῖς

154 2027 197 2106 Ζ,
224 2028 260 2088 Η
286 2027 434 2107 γωνιῶν·
467 2024 523 2090 καὶ
556 2029 648 2092 ἔσται
675 2022 696 2111 ἡ
723 2024 868 2112 πυραμὶς
896 2027 1023 2111 σφαίρᾳ
1050 2043 1170 2106 περιει-

153 2128 303 2213 λημμένη
331 2132 371 2216 τή
400 2134 552 2220 δοθείσῃ.
601 2129 622 2218 ἡ
650 2130 715 2219 γὰρ
743 2137 778 2198 Κ
782 2137 813 2197 Λ
845 2139 903 2215 τῆς
931 2132 1076 2214 σφαίρας
1103 2123 1172 2193 διά·

153 2256 272 2318 μετρος
303 2241 358 2318 ίση
387 2236 456 2303 ἐστὶ
484 2240 523 2324 τῇ
552 2247 611 2322 τῆς
643 2240 802 2323 δοθείσης
834 2240 978 2324 σφαίρας
1005 2232 1170 2322 διαμέτρῳ

101 2356 136 2405 20
153 2339 193 2422 τῇ
217 2343 298 2421 ΑΒ,
327 2339 502 2427 ἐπειδήπερ
530 2346 570 2430 τῇ
594 2342 656 2428 μέν
680 2348 749 2411 ΑΓ
772 2352 827 2429 ίση
850 2355 954 2409 κεῖται
975 2339 996 2427 ή
1019 2346 1101 2424 ΚΘ,
1133 2340 1171 2425 τῇ

156 2440 193 2506 οι
216 2446 277 2507 ΓΒ
301 2441 321 2528 ἡ
347 2452 415 2511 οι.

222 2547 319 2632 Λέγω
353 2549 411 2635 δή,
445 2548 496 2618 ὅτι
523 2551 544 2639 ἡ
573 2566 631 2641 τῆς
659 2560 803 2643 σφαίρας
831 2553 1005 2641 διάμετρος
1034 2549 1172 2638 ἡμιολία

156 2651 225 2718 ἐστὶ
250 2652 391 2740 δυνάμει
415 2661 473 2742 τῆς
495 2666 642 2748 πλευρᾶς
664 2665 723 2747 τῆς
745 2664 940 2748 πυραμίδος.

220 2753 309 2825 Ἐπεὶ
332 2760 397 2849 γὰρ
421 2766 521 2850 διπλῆ
546 2768 636 2834 ἐστιν
660 2765 770 2852 ήΑΓ
788 2771 847 2854 τής
866 2772 941 2849 ΓΒ,
963 2767 1082 2853 τριπλή
1105 2761 1173 2850 ἄρα

102 2881 137 2932 25
155 2863 246 2931 ἐστὶν
269 2862 289 2951 ἡ
309 2874 375 2934 AB
398 2873 457 2955 τής
475 2878 549 2939 ΒΓ·
573 2869 818 2961 ἀναστρέψαντι
841 2870 977 2960 ήμιοίία
996 2869 1061 2958 ἄρα
1081 2870 1173 2938 ἐστὶν

155 2965 175 3054 ἦ
201 2977 263 3038 ΒΑ
291 2976 349 3059 τῆς
372 2980 445 3042 ΑΓ.
492 2974 537 3056 ὡς
566 2978 604 3046 δέ
632 2976 652 3065 ή
679 2986 740 3046 BA
766 2977 851 3067 πρὸς
877 2976 939 3064 τὴν
961 2983 1037 3062 ΑΓ,
1066 2974 1174 3055 οὕτως

155 3072 193 3142 τὸ
218 3075 283 3145 ιἰπὸ
307 3090 365 3166 τῆς
383 3087 445 3148 BA
467 3081 550 3170 πρὸς
572 3083 610 3151 τὰ
634 3083 700 3152 ἀπὸ
724 3089 783 3171 τῆς
801 3092 868 3152 ΑΔ
892 3082 1081 3169 [ἐπειδήπερ
1106 3083 1174 3150 ἐπι-

157 3186 378 3271 ζευγνυμένης
399 3192 458 3274 τῆς
482 3197 548 3256 ΔΒ
573 3192 663 3258 ἐστιν
693 3187 739 3270 οἱς
761 3188 781 3277 ή
806 3198 872 3257 BA
895 3188 979 3277 πρὸς
1000 3188 1061 3274 τήν
1084 3195 1174 3273 ΑΛ,

157 3283 263 3367 οὕτως
290 3288 309 3375 ή
339 3299 405 3358 ΔΑ
432 3293 515 3381 πρὸς
542 3294 605 3382 τήν
629 3303 698 3365 ΑΓ
722 3294 778 3364 διὰ
805 3295 867 3382 τήν
896 3294 1076 3381 ὁμοιότητα
1103 3298 1175 3362 τῶν

157 3395 369 3409 ———-—-

229 3453 253 3502 1.
272 3449 318 3520 τῇ]
340 3451 451 3521 scripsi3
471 3453 521 3522 τῆς
539 3453 675 3524 PBVbq.
788 3462 813 3510 2.
835 3457 900 3527 ΘΛ]
920 3471 1073 3525 suprascr.
1094 3461 1116 3508 A
1136 3473 1174 3509 m.

158 3515 218 3570 1b.
293 3516 432 3575 ἐκκείσθω
447 3540 473 3591 q.
547 3532 571 3580 5.
592 3521 661 3596 ἄρα]
682 3543 697 3581 e
717 3543 785 3582 corr.
801 3526 833 3580 V.
908 3531 932 3581 6.
951 3527 1097 3581 Autem
1117 3526 1173 3580 del.

81 3602 168 3704 Κ
