2468 3952
81 140 147 204 412
474 144 657 195 APPENDIX
676 145 712 197 Π.

148 282 329 371 κύλινδρος
355 283 420 372 γὰρ
449 281 467 350 6
492 292 523 350 A
530 292 563 350 A
590 283 734 375 ἐπιπέδῳ
761 286 806 375 τῳ
830 289 900 351 ΗΘ
925 285 1103 371 τετμήσθω

80 389 281 482 παραλλήλῳ
309 389 384 458 ἄντι
411 403 481 470 τοῖς
509 386 713 458 ἀπεναντίον
736 391 904 470 ἐπιπέδοις
925 404 998 470 τοῖς
1020 399 1103 478 ΑΒ,

80 501 158 582 ΓΔ,
182 496 238 563 καὶ
262 497 477 584 συμβαλλέτω
500 506 547 586 τῷ
570 499 631 562 τοῦ
654 499 838 584 κυλίνδρου
860 494 956 577 ἄξονι
979 500 1018 565 τδ
1040 504 1101 566 ΗΘ

80 604 238 671 ἐπίπεδον
261 601 344 670 κατὰ
367 602 406 671 τὸ
430 608 465 670 Κ
493 615 641 688 σημεῖον.
686 604 790 687 λέγω,
819 601 870 670 ὅτι
897 603 990 671 ἐστὶν
1012 603 1061 683 ὡς
1082 601 1100 671 6

80 715 149 776 ΗΘ
180 708 361 797 κύλινδρος
393 707 476 796 πρὸς
508 708 568 777 τὸν
600 715 676 775 HA
707 707 908 796 κύλινδρον,
940 707 1051 788 οὕτως
1082 707 1099 777 6

81 822 149 882 ΕΚ
170 813 271 896 ἄξων.
307 813 361 902 ἐφ’
388 814 527 903 ἑκοίτερα
549 813 589 882 τὰ
608 816 691 901 μέρη
712 816 765 883 ἐπὶ
784 814 823 883 τὰ
844 822 890 901 A,
911 823 957 882 Μ
970 830 1101 903 σημεῖα,

80 922 135 989 καὶ
158 927 351 990 κείσθωσαν
381 932 427 1014 τῷ
451 922 513 1008 μὲν
535 928 605 988 ΕΚ
630 921 727 1003 ἄξονι
759 929 827 990 ίσοι
856 921 1058 1008 ὁσοιδήποτε
1080 919 1098 990 6

81 1030 156 1114 ΖΞ,
190 1035 277 1113 ΖΜ,
305 1028 360 1095 καλ
388 1027 602 1113 ἐκβεβλήσθω
631 1026 688 1095 διὰ
712 1031 781 1096 τῶν
804 1034 851 1113 A,
883 1034 930 1113 N,
958 1030 1000 1111 Ξ,
1028 1029 1099 1116 ΜῙ)

81 1140 228 1222 σημείων
257 1136 394 1202 ἐπίπεδα
421 1133 616 1221 παράλληλα
643 1147 715 1213 τοῖς
742 1140 824 1219 ΑΒ,
853 1139 931 1217 ΓΔ,
964 1135 1023 1200 καὶ
1052 1159 1101 1201 νε-

80 1241 287 1327 νοήσθωσαν
315 1243 352 1309 ἐν
378 1254 449 1320 τοῖς
477 1239 533 1307 διὰ
561 1251 628 1307 τῶν
656 1247 703 1325 Λ,
730 1247 781 1325 N,
810 1242 852 1325 Ξ,
881 1247 927 1308 Μ
952 1244 1099 1326 σημείων

81 1348 248 1426 ἐπιπέδοις
279 1347 354 1432 περὶ
385 1348 505 1434 κέντρα
536 1344 576 1415 τὰ
607 1354 653 1431 Λ,
686 1353 736 1433 Ν,
770 1349 813 1432 Ξ,
845 1353 889 1412 Μ
915 1345 1036 1414 κ’ύκλοι
1069 1349 1101 1413 ολ

83 1459 153 1520 ΟΠ
155 1459 234 1536 ΡΣ,
252 1459 390 1521 Tm
400 1463 467 1521 ἶσοι
482 1452 576 1533 ἄντες
589 1467 659 1533 τοῖς
673 1459 823 1539 ΑΒΓΔ,
837 1454 893 1520 καί
907 1451 1100 1539 νενοήσθω-

81 1581 145 1627 σαν
174 1559 351 1647 κύλινδροι
379 1563 415 1628 οί
435 1567 516 1645 ΠΡ,
544 1566 619 1644 ΡΒ,
650 1566 732 1644 ΔΤ,
765 1566 834 1627 ΤΧ.
885 1561 941 1626 καὶ
971 1561 1042 1627 ἐπεὶ
1070 1562 1103 1627 ολ

82 1673 167 1752 AN,
199 1673 283 1751 NE,
316 1671 386 1732 ΕΚ
411 1664 527 1746 ἄξονες
554 1674 622 1733 ίσοι
650 1667 737 1734 είσλν
765 1663 938 1751 ἀλλήλοις,
973 1669 1009 1733 ολ
1034 1664 1101 1754 ἄρα

80 1779 160 1857 ΠΡ,
188 1777 270 1856 ΗΡ,
299 1777 372 1838 ΒΗ
389 1770 567 1858 κύλινδροι
590 1771 674 1861 πρὸς
696 1770 862 1857 ἀλλήλους
885 1771 972 1838 είσλν
998 1768 1044 1850 ὡς
1066 1775 1103 1838 αί

80 1877 203 1963 βάσεις.
248 1885 318 1945 ίσαι
346 1877 385 1945 δέ
413 1876 572 1965 ἀλλήλαις
599 1879 686 1947 εἰσὶν
714 1882 751 1945 αλ
771 1878 895 1964 βάσεις.
941 1885 1011 1947 ίσοι
1035 1876 1100 1964 ἄρα

81 1984 146 2051 είσλ
172 1984 228 2051 καὶ
257 1986 292 2052 ολ
317 1991 397 2070 ΠΡ,
424 1992 501 2067 ΡΒ,
528 1992 602 2052 ΒΗ
624 1984 800 2073 κύλινδροι
827 1980 995 2070 ἀλλήλοις.
1046 1985 1101 2052 καλ

81 2090 150 2158 ἐπεὶ
179 2093 214 2158 oc
238 2096 327 2174 AN,
357 2097 443 2175 NE,
476 2096 546 2158 ΕΚ
572 2089 688 2172 ἄξονες
716 2099 784 2158 ίσοι
814 2089 900 2157 εἰσὶν
929 2087 1099 2176 ἀλλήλοις,

81 2196 145 2264 εἰσὶ
169 2194 206 2263 δὲ
229 2195 339 2263 καλοί
356 2203 437 2281 ΠΡ,
460 2202 535 2282 ΡΒ,
559 2202 632 2263 ΒΗ
645 2195 822 2282 κύλινδροι
841 2202 909 2262 ίσοι
928 2193 1098 2283 ἀλλήλοις,

80 2306 139 2367 καί
159 2304 249 2368 ἐστιν
273 2309 348 2368 λσον
367 2300 405 2368 τὸ
425 2305 556 2388 πλῆθος
578 2306 623 2393 τῳ
642 2301 776 2387 πλήθει,
799 2298 1016 2369 ὁσαπλασίων
1034 2300 1099 2390 ἄρα

81 2406 171 2474 ἐστὶν
195 2402 214 2473 6
237 2412 308 2472 ΛΚ
331 2404 420 2486 ἄξων
448 2411 510 2475 τοῦ
535 2415 603 2475 ΕΚ
629 2405 769 2492 ἄξονος,
799 2413 1098 2476 τοσαυταπλασίων

81 2513 150 2580 ἐστὶ
177 2512 233 2579 καὶ
261 2508 279 2579 6
308 2519 387 2578 ΠΗ
409 2512 590 2601 κύλινδρος
617 2518 677 2581 τοῦ
705 2519 780 2581 ΒΗ
801 2517 996 2599 κυλίνδρου.
1043 2512 1099 2582 διὰ

80 2616 120 2685 τᾶ
148 2615 233 2686 αὐτὰ
260 2615 302 2703 δή
331 2618 386 2684 καὶ
415 2615 630 2687 ὁσαπλασίων
658 2619 748 2686 ἐστίν
777 2614 795 2685 6
821 2624 900 2685 ΜΚ
924 2617 1016 2700 ἄξων
1039 2625 1099 2689 τοῦ

81 2732 115 2792 Κ
123 2732 150 2792 Ζ
168 2725 299 2809 ἄξονος,
319 2730 616 2793 τοσαυταπλασίων
635 2725 705 2793 ἐστὶ
723 2726 780 2792 καὶ
799 2721 817 2793 6
835 2731 909 2793 ΧΗ
918 2724 1100 2812 κύλινδρος

80 2834 142 2898 τοῦ
155 2837 194 2898 Η
196 2839 230 2897 Δ
247 2834 441 2918 κυλίνδρου.
477 2834 508 2898 εἰ
525 2831 587 2918 μὲν
606 2824 670 2898 οὖν
689 2838 762 2909 ίσος
781 2831 871 2898 ἐστὶν
891 2827 992 2899 ὁΛΚ
1009 2831 1099 2913 ἄξων

80 2940 124 3027 τῳ
153 2941 235 3003 ΚΜ
261 2935 371 3022 ἄξονι,
405 2944 477 3017 λσος
510 2938 579 3005 ἐστὶ
610 2936 666 3005 καὶ
697 2933 715 3005 6
744 2942 822 3004 ΠΗ
844 2934 1027 3025 κύλινδρος
1053 2949 1099 3032 τῳ

80 3048 155 3109 ΗΧ
172 3046 358 3134 κυλίνδρῳ,
386 3047 418 3110 εἰ
444 3043 482 3110 δέ
509 3049 629 3130 μείζων
657 3044 748 3111 ἐστὶν
776 3040 794 3111 6
822 3049 888 3110 KA
916 3041 1008 3124 ἄξων
1038 3048 1099 3112 τοῦ

81 3155 162 3215 ΚΜ
185 3145 320 3232 ἄξονος,
348 3154 468 3236 μείζων
497 3149 565 3217 ἐστὶ
592 3150 648 3216 καὶ
677 3146 695 3218 6
724 3154 803 3217 ΠΗ
829 3147 1011 3236 κύλινδρος
1038 3154 1100 3219 τοῦ

81 3260 154 3321 HX
171 3257 365 3338 κυλίνδρου,
390 3259 420 3321 εί
442 3254 480 3322 δὲ
503 3255 654 3324 έλᾶσσων
679 3256 770 3324 ἐστὶν
793 3252 812 3324 6
832 3261 903 3323 ΛΚ
923 3256 1014 3337 ἄξων
1038 3261 1100 3324 τοῦ

154 3484 180 3552 1)
202 3489 225 3538 Λ
244 3484 273 3538 in
291 3498 359 3550 τινες
379 3501 463 3554 supra
481 3488 514 3539 N
530 3502 581 3540 scr.
600 3490 637 3540 M
650 3503 686 3541 m.
708 3492 731 3540 1.
