2468 3952
340 206 617 258 enaununuauu
634 208 744 258 nmen
761 209 809 260 xa
1038 207 1079 271 31

555 347 595 414 X.

129 467 165 534 Si
194 471 274 536 duae
307 475 414 537 rectae
442 472 528 536 inter
560 494 594 536 se
610 477 798 561 'tangentes
827 474 951 539 duabus
981 476 1079 540 rectis

57 577 147 641 inter
173 599 207 641 se
231 577 441 662 tangentibus
464 600 531 642 non
553 579 670 662 positis
694 579 728 643 in
752 580 864 644 eodem
887 581 985 664 plano
1008 604 1081 666 par-

56 683 181 747 allelae
206 687 295 769 sunt,
319 685 455 767 angulos
479 686 631 767 aequales
656 686 938 768 comprehendent.

129 788 215 854 Nam
229 791 311 856 duae
325 794 431 856 rectae
446 797 478 855 A
483 795 527 866 B,
541 794 609 854 ΒΓ
618 791 704 856 inter
719 813 753 856 se
767 795 939 877 tangentes
953 793 1078 859 duabus

597 898 695 962 rectis
715 897 800 962 inter
817 919 851 962 se
865 900 1078 982 tangentibus

600 1008 683 1086 ΔΕ,
711 1007 775 1067 ΕΖ
802 1026 868 1069 non
895 1005 1012 1087 positis
1043 1005 1078 1069 in

596 1108 1078 1194 eodemplenoparallelaesint.

594 1215 674 1299 dice,
689 1237 758 1280 esse
774 1222 795 1291 L
809 1219 912 1281 ΑΒΓ
919 1248 960 1269 =
972 1221 1078 1281 AEZ.

660 1326 825 1405 ponantur
884 1324 970 1387 enim
1011 1327 1076 1387 BA

594 1430 1004 1510 =BF==EA=EZ‚
1045 1433 1078 1493 et

593 1532 751 1598 ducantur
784 1540 864 1617 ΑΔ,
897 1536 972 1614 ΓΖ,
1000 1537 1076 1616 ΒΕ,

592 1643 675 1722 ΑΓ,
691 1644 766 1704 ΔΖ.
795 1644 828 1704 et
843 1641 996 1724 quoniam
1010 1644 1077 1705 BA

56 1745 164 1807 rectae
188 1748 256 1807 EA
275 1745 421 1827 aequalis
446 1749 479 1809 et
500 1745 660 1827 parallela
679 1750 739 1828 est,
761 1747 860 1810 etiam
879 1753 911 1810 A
918 1752 951 1809 A
969 1750 1076 1811 rectae

57 1853 124 1913 ΒΕ
146 1850 289 1933 aequalis
313 1854 346 1915 et
368 1850 527 1934 parallela
551 1854 602 1915 est
622 1850 744 1933 [1,33].
786 1853 897 1916 eadem
921 1852 959 1915 de
979 1873 1077 1916 eausa

57 1945 158 2020 etiam
177 1957 237 2019 ΓΖ
259 1961 366 2022 rectae
386 1961 456 2022 ΒΕ
479 1958 623 2040 aequalis
643 1961 676 2021 et
693 1957 852 2040 parallela
871 1960 929 2020 est.
966 1957 1076 2040 itaque

56 2066 195 2145 utreque
213 2066 301 2146 AA,
320 2066 383 2127 ΓΖ
405 2068 513 2128 rectae
532 2067 598 2127 BE
619 2063 764 2147 aequalis
788 2066 821 2127 et
839 2063 998 2147 parallela
1017 2067 1076 2128 est.

57 2188 141 2251 quae
164 2171 274 2232 autem
298 2167 402 2233 eidem
425 2174 534 2234 rectae
557 2170 734 2253 parallelae
759 2169 964 2254 sunt,etian1
989 2169 1017 2232 si
1040 2170 1075 2233 in

56 2273 171 2339 eodem
194 2274 293 2358 plano
316 2296 382 2339 non
406 2280 491 2360 sunt,
514 2276 613 2340 etiam
636 2277 725 2341 inter
749 2298 783 2341 se
802 2275 979 2359 parallelae
999 2281 1076 2341 sunt

56 2383 162 2464 [prop.
187 2378 257 2460 IX].
310 2381 420 2465 itaque
448 2387 481 2446 A
489 2388 522 2446 Δ
549 2387 655 2448 rectae
684 2386 745 2447 ΓΖ
772 2384 931 2466 parallela
960 2387 1010 2446 est
1042 2384 1074 2445 et

55 2486 211 2570 aequalis.
259 2490 292 2551 et
315 2508 369 2552 eas
392 2487 531 2573 iungunt
554 2492 632 2572 ΛΓ,
656 2495 690 2553 A
698 2494 738 2572 Z;
763 2511 861 2573 quare
886 2487 985 2552 etiam
1007 2489 1078 2551 ΑΓ

54 2597 163 2658 rectae
178 2598 212 2656 A
218 2597 245 2657 Z
264 2593 411 2678 aequalis
431 2597 464 2658 et
478 2595 637 2678 parallela
651 2599 702 2659 est
718 2594 756 2676 [1,
772 2595 839 2676 33].
871 2599 904 2659 et
919 2595 1073 2678 quoniam

55 2699 119 2764 duo
143 2700 248 2764 latera
271 2704 353 2783 AB,
376 2703 443 2764 ΒΓ
463 2701 587 2766 duobus
610 2706 694 2783 ΔΕ,
719 2706 784 2766 ΕΖ
813 2702 963 2785 aequales
987 2705 1073 2784 sunt,

55 2810 89 2869 et
112 2808 332 2888 AF=AZ,
356 2806 419 2870 erit
442 2811 633 2883 LABF=
650 2812 751 2872 ΔΕΖ
776 2807 819 2892 [1,
843 2809 887 2889 8].

122 2911 211 2997 Ergo
245 2913 273 2976 si
306 2911 387 2976 duae
418 2917 524 2978 rectae
558 2914 643 2980 inter
676 2936 709 2978 se
743 2917 915 2997 tangentes
947 2911 1071 2976 duabus

54 3018 153 3083 rectis
176 3018 262 3083 inter
284 3041 319 3084 se
336 3020 547 3103 tangentibus
565 3042 632 3085 non
650 3019 767 3104 positis
786 3020 820 3083 in
839 3018 952 3083 eodem
970 3017 1069 3100 plano

54 3125 233 3209 parallelae
253 3127 337 3209 sunt,
357 3125 493 3208 angulos
514 3125 665 3208 aequales
681 3123 965 3207 comprehendent3
985 3123 1071 3207 quod

55 3235 126 3295 erat
150 3230 444 3296 demonstrandum.

54 3393 97 3442 22.
116 3383 187 3459 ὑπό]
206 3404 259 3444 om.
280 3387 312 3442 V.
396 3393 439 3443 23.
459 3384 618 3458 ἁπτόμεναι
638 3419 670 3428 -
690 3393 733 3443 25.
757 3388 862 3458 nsum]
882 3384 984 3441 καὶτὰ
1004 3381 1071 3455 ἑξῆς

53 3458 126 3583 ἔῃ
173 3448 287 3584 2433?
296 3447 384 3583 Ιἓοὸσιν
403 3459 439 3528 Ε)
456 3455 533 3530 παρὰ
554 3457 607 3514 δύο
627 3453 744 3521 εὐθείας
762 3455 926 3528 ἁπτομένας
944 3453 1070 3524 ἀλλήλων
