2468 3952
127 189 190 252 114
497 186 698 239 ΣΤΟΙΧΕΙΩΝ
717 183 768 238 ια’.

124 330 336 398 πεπόνθασιν
360 356 381 396 α
383 328 531 415 λβάσεις
553 342 623 408 τοῖς
645 325 791 409 {Hem}
837 331 927 393 ἔστιν
957 323 1022 410 ἄρα
1052 321 1096 402 ὡς
1120 320 1143 409 ἡ

126 443 193 503 ΖΚ
217 435 316 522 βάσις
341 433 425 521 πρὸς
452 432 514 520 τὴν
537 437 600 510 ΞΡ
623 433 739 519 βάσιν,
774 429 880 510 οὕτως
907 429 944 498 τὸ
974 433 1034 496 τοῦ
1065 436 1146 495 ΔΨ

126 546 264 631 στερεοῦ
286 540 373 621 ῦψος
394 539 480 627 πρὸς
501 538 539 607 τὸ
563 543 623 607 τοῦ
642 544 710 605 ΒΤ
729 546 867 623 στερεοῦ
892 534 986 616 ῦψος.
1024 544 1079 621 λ’ση
1105 534 1144 602 δὲ

125 646 146 735 ἡ
180 648 240 734 μὲν
269 655 337 714 ΖΚ
361 647 459 733 βάσις
485 649 525 734 τῇ
550 652 614 712 ΕΘ
641 644 752 730 βάσει,
784 642 805 728 ἡ
834 643 872 710 δὲ
894 646 957 719 ΞΡ
980 641 1077 727 βάσις
1102 645 1143 730 τῇ

91 761 204 822 5NH
223 754 333 840 βάσει·
357 759 447 821 έστιν
471 750 536 841 άρα
560 749 604 830 ῦς
627 750 647 837 ἡ
672 757 735 817 ΕΘ
757 750 855 836 βάσις
878 748 961 838 πρὸς
984 746 1045 834 τὴν
1069 755 1150 815 NH

126 860 238 947 βάσιν,
262 859 369 939 οὕτως
392 857 430 926 τὸ
455 861 516 925 τοῦ
541 867 573 924 Δ
586 865 623 923 Ψ
641 861 778 943 στερεοῦ
805 854 893 937 ῦψος
915 853 998 942 πρὸς
1021 853 1058 922 τὸ
1083 857 1145 921 τοῦ

126 972 194 1033 ΒΤ
218 967 355 1052 στερεοῦ
383 962 477 1044 ὕψος.
522 962 562 1030 τὰ
588 960 619 1029 θ’
651 959 735 1029 αὐτὰ
763 960 832 1048 ῦψη
862 962 930 1029 ἐστὶ
958 966 1025 1030 τῦν
1051 969 1144 1046 ΔΨ,

127 1079 195 1139 ΒΤ
215 1077 359 1160 στερεῶν
381 1071 437 1136 καὶ
460 1073 528 1137 τῦν
553 1074 633 1153 ΛΓ,
656 1075 736 1135 ΒΑ·
765 1072 855 1135 ἔστιν
880 1065 945 1154 άρα
969 1065 1013 1146 ὡς
1036 1064 1056 1153 ἡ
1080 1074 1145 1134 ΕΘ

128 1177 225 1264 βάσις
247 1175 331 1266 πρὸς
349 1174 411 1261 τὴν
430 1183 510 1243 NH
523 1175 636 1261 βάσιν,
660 1174 766 1254 οὕτως
783 1172 821 1242 τὸ
841 1178 902 1241 τοῦ
921 1180 991 1241 ΔΓ
1006 1176 1144 1262 στερεοῦ

79 1304 111 1352 10
130 1285 217 1365 ῦψος
239 1281 323 1367 πρὸς
350 1281 388 1350 τὸ
416 1293 477 1349 τοῦ
502 1288 566 1349 ΑΒ
590 1285 726 1366 στερεοῦ
749 1279 845 1361 ῦψος.
881 1284 950 1347 νῦν
975 1286 1057 1364 ΑΒ,
1082 1284 1144 1345 ΓΛ

128 1387 194 1475 άρα
232 1391 375 1475 στερεῦν
411 1388 752 1474 παραλληλεπιπέδων
786 1384 1076 1454 ἀντιπεπόνθασιν
1111 1387 1148 1451 αῖ

129 1493 243 1579 βάσεις
265 1506 336 1572 τοῖς
357 1491 489 1573 ῦψεσιν.

196 1597 309 1666 Πάλιν
330 1597 371 1684 δὴ
391 1601 460 1666 τῦν
475 1606 554 1683 ΑΒ,
569 1605 632 1666 ΓΛ
646 1601 789 1684 στερεῶν
804 1600 1146 1683 παραλληλεπιπέδων

130 1703 471 1772 ἀντιπεπονθέτωσαν
489 1708 527 1770 αλ
542 1703 657 1789 βάσεις
673 1718 744 1783 τοῖς
762 1705 899 1789 ῦψεσιν,
923 1706 979 1772 καὶ
998 1711 1081 1772 ε”στω
1102 1702 1148 1784 ως

83 1810 151 1899 1σὴ
176 1818 239 1878 ΕΘ
262 1809 359 1896 βάσις
381 1808 465 1896 πρὸς
487 1807 549 1896 τὴν
572 1817 649 1878 NH
669 1808 784 1896 βάσιν,
809 1808 916 1890 οὕτως
938 1811 975 1879 τὸ
999 1816 1062 1879 τοῦ
1084 1818 1147 1879 ΓΛ

131 1921 269 2003 στερεοῦ
296 1914 383 1996 ὕψος
410 1914 494 2005 πρὸς
516 1915 553 1983 τὸ
582 1919 643 1984 τοῦ
666 1924 732 1984 ΑΒ
756 1921 893 2002 στερεοῦ
916 1915 1014 1998 ῦψος·
1049 1920 1146 2003 λέγω,

131 2023 184 2092 ὅτι
208 2033 283 2091 λ’σον
307 2023 375 2089 ἐστὶ
398 2020 435 2089 τὸ
461 2030 525 2090 ΑΒ
549 2021 685 2111 στερεὸν
708 2027 753 2113 τῷ
776 2028 839 2089 ΓΔ
862 2028 993 2115 στερεῷ.

202 2133 278 2198 Τῦν
302 2127 365 2214 γὰρ
390 2126 502 2196 αῦτῦν
524 2131 880 2215 κατασκευασθέντων,
905 2132 977 2197 ἐπεί
992 2132 1083 2198 ἐστιν
1103 2128 1148 2210 ῦς

132 2235 152 2322 ἡ
178 2242 241 2302 ΕΘ
264 2237 361 2321 βάσις
383 2231 467 2319 πρὸς
489 2233 552 2320 τὴν
575 2241 649 2300 NH
672 2233 784 2320 βάσιν,
810 2231 915 2314 οὕτως
937 2233 974 2302 τὸ
998 2239 1059 2302 τοῦ
1083 2243 1148 2302 ΓΛ

80 2363 114 2411 20
135 2345 272 2428 στερεοῦ
296 2338 382 2420 ῦψος
404 2338 488 2426 πρὸς
510 2338 547 2409 τὸ
571 2344 632 2408 τοῦ
656 2348 721 2408 ΑΒ
745 2344 882 2469 στερεοῦ
904 2337 1006 2423 ῦψος,
1031 2349 1085 2427 λ’ση
1111 2342 1148 2409 ῦε

133 2475 153 2533 η
182 2446 243 2533 μὲν
271 2452 335 2513 ΕΘ
351 2444 459 2574 βάσις
485 2451 524 2535 τῇ
554 2453 621 2513 ΖΚ
645 2443 806 2532 βάσει,“
788 2473 809 2532 η
840 2447 877 2513 ῦε
904 2453 981 2513 ΝΠ
1005 2473 1044 2535 τη
1074 2451 1149 2532 ΞΡ,

134 2550 269 2620 έστιν”
248 2579 314 2637 αρα
338 2549 382 2632 ὡς
405 2552 425 2638 ἡ
445 2559 513 2618 ΖΚ
527 2551 625 2638 βάσις
643 2551 727 2641 πρὸς
744 2578 807 2638 την
825 2555 888 2628 ΞΡ
902 2551 1018 2638 βάσιν,
1043 2551 1150 2633 οῦτως

133 2656 171 2727 τὸ
201 2662 262 2725 τοῦ
286 2664 353 2725 ΓΔ
380 2663 517 2746 στερεοῦ
544 2657 631 2740 ῦψος
657 2657 741 2746 πρὸς
769 2657 807 2725 τό
838 2663 900 2726 τοῦ
924 2666 988 2726 ΑΒ
1012 2663 1150 2746 στερεοῦ

134 2763 230 2847 ὕψος.
278 2764 318 2832 τά
348 2763 379 2832 θ’
410 2763 494 2832 αῦτά
522 2763 591 2851 ῦψη
621 2767 689 2833 ἐστὶ
711 2769 780 2833 τῶν
804 2772 886 2850 ΑΒ,
915 2771 981 2831 ΓΔ
1005 2769 1149 2853 στερεῦν

81 2894 115 2943 25
134 2873 190 2940 καὶ
217 2876 286 2940 τῶν
313 2879 391 2958 ΒΤ,
416 2879 506 2939 ΛΨ·
535 2877 625 2940 ἔστιν
653 2872 718 2957 άρα
747 2870 792 2952 ῦς
814 2870 835 2958 ἡ
859 2879 927 2938 ΖΚ
948 2871 1045 2957 βάσις
1067 2873 1151 2961 πρὸς

134 2979 197 3067 τὴν
216 2984 279 3057 ΞΡ
297 2977 412 3066 βάσιν,
438 2977 544 3058 οῦτως
566 2977 604 3046 τὸ
628 2982 689 3045 τοῦ
710 2987 789 3046 ΔΨ
806 2983 943 3065 στερεοῦ
962 2976 1048 3059 ῦψος
1067 2980 1152 3067 πρὸς

135 3087 172 3155 τὸ
201 3091 262 3155 τοῦ
285 3094 355 3153 ΒΤ
377 3089 515 3173 στερεοῦ
542 3083 637 3165 ὕψος.
687 3089 754 3152 τῦν
778 3092 857 3171 ΒΤ,
881 3093 961 3151 ΛΨ
987 3084 1052 3173 άρα
1081 3106 1151 3154 στε-

207 3303 231 3354 2.
251 3296 304 3366 τὴν
324 3299 388 3370 ΞΡ]
409 3316 478 3354 corr.
497 3316 582 3368 ωιτη
602 3299 740 3358 NE‘PV.
814 3306 838 3354 3
858 3299 927 3370 ΒΤ]
950 3303 1006 3353 Te
1027 3316 1096 3354 corr
1116 3299 1151 3354 V

206 3375 231 3422 4.
252 3369 321 3440 ΕΘ]
341 3387 356 3424 e
375 3387 442 3426 corr.
462 3369 496 3424 V
598 3375 621 3425 ὅ.
638 3365 724 3496 βάσει
742 3365 817 3425 ἐστὶν
837 3371 882 3439 ἰση
901 3371 934 3423 V.
1035 3391 1067 3442 τη
1089 3373 1156 3424 ΝΠ

138 3436 262 3511 βάσειλ).
373 3447 397 3494 7.
418 3441 544 3512 στερεοῦ]
565 3457 619 3498 om.
689 3455 690 3458 ’
761 3448 802 3496 10.
824 3441 1010 3527 PA]1nras.
1031 3426 1061 3494 P.

139 3518 179 3566 11.
199 3515 320 3580 στερεῶν
340 3505 798 3590 άραΒ.12.ῦψεσι1Ῑ1)φ.
901 3518 941 3566 14.
962 3507 1047 3580 ῦψεσι
1066 3511 1153 3567 FVb
