2468 3952
156 178 222 243 302
530 179 731 230 Στοιαιτιαα
750 176 800 246 ιγ.

154 316 343 407 ἀφῃρήσθω
367 317 432 388 ἀπὸ
457 318 596 405 ἑκάστης
618 322 686 387 τῶν
701 324 783 404 ΕΚ,
802 325 878 404 ΖΛ,
901 325 997 404 ΗΜ,
1021 327 1097 388 ΘΝ
1116 324 1167 409 μιᾷ

152 437 222 494 ιω
245 433 323 511 υτ,
352 433 434 511 ΖΗ,
462 433 545 511 Ηο,
572 433 637 494 ον
663 433 718 511 ειη
743 424 864 510 ἑκάστη
886 436 955 494 τοι
980 431 1066 511 ινιτ,
1096 433 1169 511 zA,

29 518 31 525 '
153 540 247 617 HM,
267 538 349 617 οΝ,
368 532 424 599 καὶ
443 531 695 619 ἐπεζεύχθωσαν
713 534 847 616 MA,
863 536 955 615 ΛΜ,
975 538 1076 619 ΜΝ,
1095 537 1167 599 NK·

153 638 257 724 κύβος
280 637 346 725 ἄρα
365 639 562 705 συνέσταται
582 635 600 704 ὁ
621 643 693 704 ΖΝ
706 635 773 706 ύπὸ
793 639 826 718 ἓξ
844 636 1071 723 τετραγώνων
1091 646 1168 706 ίσων

118 743 394 831 ὃπεριεχόμενος.
444 748 498 811 δεῖ
523 744 565 830 δὴ
593 741 699 812 αὐτὸν
731 744 787 812 καλ
819 749 948 832 σφαίρᾳ
979 749 1169 832 περιλαβεῖν

152 862 192 938 τῇ
216 855 356 938 ὅοθείση
380 849 436 917 καὶ
460 851 580 936 δεῖξαι,
609 847 660 918 ὅτι
688 848 709 937 ἡ
738 854 797 937 της
824 854 969 937 σφαίρας
994 850 1169 939 διάμετρος

153 956 295 1043 δυνάμει
317 960 494 1043 τριπλασία
518 956 587 1022 ἐστὶ
610 960 667 1042 τῆς
690 958 835 1041 πλευρᾶς
856 959 917 1024 τοῦ
940 954 1064 1040 κύβου.

216 1060 488 1147 Ἐπεζεύχθωσαν
516 1059 581 1147 γὰρ
605 1064 643 1129 αί
664 1069 751 1147 KH,
778 1069 856 1129 ΕΗ.
901 1061 957 1129 καί
987 1064 1061 1130 ἐπεὶ
1085 1061 1168 1148 ὀρθὴ

152 1171 242 1237 ἐστιν
265 1164 286 1254 ἡ
310 1165 376 1236 ὑπὸ
396 1173 508 1234 ΚΕΗ
525 1173 634 1253 γωνία
656 1166 714 1235 διὰ
736 1167 774 1235 τὸ
798 1167 854 1234 καὶ
877 1166 940 1254 τὴν
964 1173 1038 1235 ΚΕ
1060 1165 1166 1256 ὀρθὴν

100 1291 132 1339 10
152 1274 239 1342 εἷναι
261 1273 345 1363 πρὸς
367 1271 405 1342 τὸ
424 1280 498 1341 ΕΗ
518 1275 676 1343 ἐπίπεδον
695 1275 823 1362 δηλαδὴ
841 1274 897 1341 καὶ
915 1273 1002 1362 πρὸς
1020 1274 1087 1362 τὴν
1105 1281 1172 1343 ΕΗ

151 1379 306 1464 εὐθεῖαν,
329 1378 366 1447 τὸ
391 1379 457 1466 ἄρα
480 1381 532 1447 ἐπὶ
555 1384 615 1466 τὴς
633 1388 711 1448 KH
728 1380 946 1467 γραφόμενον
972 1377 1169 1467 ἡμικύκλιον

150 1484 221 1574 ἡξει
243 1486 298 1551 καὶ
322 1484 379 1551 διὰ
402 1496 463 1554 τοῦ
482 1493 514 1552 Ε
536 1492 683 1573 σημείου.
720 1485 834 1570 πάλιν,
858 1485 927 1553 ἐπεὶ
951 1484 971 1571 ἡ
991 1492 1064 1553 ΗΖ
1084 1485 1168 1575 ὀρθή

151 1595 219 1661 ἐστι
246 1589 329 1677 πρὸς
357 1591 516 1680 ἑκατέραν
544 1596 612 1661 τῶν
641 1600 716 1678 ΖΛ,
746 1600 822 1676 ΖΕ,
849 1591 904 1658 καὶ
931 1591 1016 1680 πρὸς
1044 1591 1084 1661 τὸ
1110 1598 1170 1660 ΖΚ

150 1698 216 1785 ἄρα
244 1699 402 1766 ἐπίπεδον
429 1696 518 1784 ὀρθή
548 1700 639 1766 ἐστιν
665 1696 686 1784 ἡ
714 1706 795 1766 ΗΖ·
823 1696 908 1766 ὥστε
935 1698 991 1766 καί
1016 1697 1079 1767 ἐὰν
1108 1702 1169 1768 ἐπι-

99 1824 130 1874 15
151 1805 314 1892 ζεύξωμεν
349 1802 412 1889 τὴν
448 1809 527 1892 ΖΚ,
569 1801 590 1889 ἡ
627 1812 694 1872 ΗΖ
736 1803 823 1891 ὀρθὴ
863 1810 954 1871 ἔσται
993 1806 1050 1872 καί
1088 1805 1168 1894 πρὸς

149 1911 211 1998 τὴν
241 1918 317 1980 ΖΚ·
345 1910 401 1977 καὶ
428 1908 486 1977 διὰ
514 1915 613 1978 τοῦτο
641 1911 743 1978 πάλιν
770 1910 808 1979 τὸ
838 1911 890 1979 ἐπὶ
913 1914 970 1997 τῆς
994 1916 1073 1979 ΗΚ
1094 1939 1168 2000 γρα·

149 2019 302 2106 φίμενον
324 2014 525 2104 ἡμικύκλιον
550 2018 620 2104 ἡξει
643 2018 698 2084 καὶ
723 2016 779 2083 διὰ
803 2019 864 2084 τοῦ
889 2023 924 2083 Ζ.
966 2012 1095 2102 ὁμοίως
1117 2017 1168 2085 καὶ

150 2123 207 2193 διὰ
240 2128 308 2193 τῶν
341 2127 467 2192 λοιπιόν
497 2118 558 2193 τοῦ
591 2123 698 2210 κύβον
726 2128 873 2210 σημείων
905 2119 983 2208 ἡξει.
1037 2123 1102 2190 ἐὰν
1129 2121 1167 2208 δὴ

149 2230 316 2318 μενούσης
342 2233 401 2316 τῆς
424 2237 500 2298 ΚΗ
523 2230 740 2320 περιενεχθὲν
766 2228 803 2296 τὸ
832 2226 1032 2315 ἡμικύκλιον
1061 2232 1112 2309 είς
1133 2226 1168 2297 τὸ

96 2359 129 2410 20
149 2335 231 2404 αὐτὸ
266 2335 540 2426 ἀποκατασταθῇ,
578 2334 663 2404 ὅθεν
700 2333 820 2422 ἤρξατο
859 2335 1041 2422 φέρεσθαι,
1080 2341 1168 2404 ἔσται

149 2447 277 2531 σφαίρᾳ
300 2444 571 2529 περιειλημμένος
595 2439 612 2510 ὁ
637 2441 750 2527 κύβος.
786 2441 870 2526 λε’γω
895 2439 953 2526 δή,
978 2436 1030 2507 ὅτι
1053 2442 1113 2508 καὶ
1131 2450 1167 2529 τῇ

149 2553 300 2637 δοθείση.
338 2547 407 2615 ἐπεὶ
430 2547 495 2634 γὰρ
520 2557 575 2634 ἴση
600 2548 691 2616 ἐστὶν
713 2544 734 2633 ἡ
754 2553 821 2614 ΗΖ
839 2558 879 2634 τῇ
900 2553 977 2632 ΖΕ,
1001 2552 1062 2614 καί
1079 2549 1167 2615 ἐστιν

149 2652 238 2742 ὀρθὴ
262 2652 283 2740 ἡ
306 2652 390 2742 πρὸς
415 2659 461 2746 τῷ
485 2662 512 2721 Ζ
536 2661 658 2742 γωνία,
686 2651 724 2722 τὸ
753 2652 819 2742 ἄρα
847 2651 911 2719 ἀπὸ
940 2656 999 2738 τῆς
1021 2659 1105 2720 ΕΗ
1122 2657 1165 2720 ὃι·

148 2760 293 2829 πλούσιόν
317 2763 387 2829 ἐστι
409 2765 470 2828 τοῦ
494 2758 559 2830 ἀπὸ
583 2766 642 2847 τῆς
660 2768 731 2828 ΕΖ.
769 2768 823 2845 ίση
848 2758 886 2826 δὲ
908 2755 929 2845 ἡ
950 2764 1013 2825 ΕΖ
1031 2762 1072 2846 τῇ
1094 2766 1165 2827 ΕΚ·

96 2889 130 2939 25
149 2867 187 2938 τὸ
212 2867 277 2957 ἄρα
300 2865 365 2936 ιἰπὸ
386 2870 444 2952 τῆς
463 2874 536 2934 ΕΗ
555 2866 734 2936 διπλάσιόν
759 2868 828 2934 ἐστι
850 2869 911 2933 τοῦ
930 2862 996 2932 ἀπὸ
1016 2868 1075 2951 τῆς
1095 2869 1165 2932 ΕΚ·

149 2973 233 3044 ὥστε
255 2973 295 3041 τὰ
315 2972 380 3041 ἀπὸ
400 2977 468 3042 τῶν
482 2980 569 3058 ΗΕ,
585 2982 673 3059 ΕΚ,
696 2974 846 3041 τουτέστι
863 2971 901 3040 τὸ
922 2969 987 3038 ἀπὸ
1006 2975 1065 3057 τῆς
1079 2977 1165 3055 ΗΚ,

148 3080 346 3169 τριπλάσιόν
376 3082 445 3147 ἐστι
472 3083 535 3148 τοῦ
564 3078 629 3148 ἀπὸ
657 3084 716 3167 τῆς
738 3087 814 3147 ΕΚ.
860 3078 916 3146 καὶ
940 3077 1009 3146 ἐπεὶ
1033 3085 1164 3165 τριπλα-

148 3194 232 3255 σίων
261 3188 352 3255 ἐστὶν
380 3184 400 3272 ἡ
429 3192 496 3253 AB
523 3189 583 3273 τῆς
609 3192 682 3272 ΒΓ,
712 3185 756 3266 ὡς
784 3185 821 3253 δὲ
848 3185 869 3271 ἡ
898 3192 963 3252 ΑΒ
992 3183 1078 3272 πρὸς
1106 3183 1166 3270 τὴν

150 3315 363 3324 ——-.-.-—-—-

222 3389 244 3438 1.
264 3377 483 3453 ύφηρήοθωοαν
502 3380 613 3451 BVbq.
699 3386 724 3434 4.
744 3381 907 3434 συνίσταται
926 3378 970 3432 V?
1045 3379 1119 3450 ZN]
1139 3379 1169 3433 N

148 3451 178 3506 in
195 3468 250 3509 τοι.
268 3471 305 3506 m.
328 3459 342 3507 1
361 3451 391 3507 P.
478 3457 502 3505 7.
521 3453 690 3539 τριπλασίων
710 3453 739 3506 Ρ.
764 3519 771 3538 Ι
819 3455 844 3506 8.
864 3449 940 3521 ΚΗ]
960 3465 1031 3504 corr.
1051 3465 1087 3503 ex
1106 3451 1169 3504 ΚΝ

81 3484 186 3712 Ὺ
206 3528 220 3576 1
239 3521 272 3592 Β,
290 3526 354 3578 ΚΝ
371 3539 397 3590 q.
470 3529 494 3578 9.
514 3524 577 3594 την]
598 3540 667 3578 corr.
688 3539 722 3577 ex
740 3542 772 3576 το
791 3540 828 3577 m.
848 3526 863 3574 1
880 3539 905 3589 q.
980 3525 1022 3574 12.
1044 3521 1167 3592 HZ]1n
