2468 3952
158 203 227 269 230
448 172 458 183 ”
528 203 729 257 Σνοοωωωα
748 199 801 275 ιβ’.

156 349 284 435 σφαίρᾳ
310 343 431 425 κύκλος
461 345 480 414 ὁ
502 350 649 431 ΒΓΔΕ,
663 325 715 413 Ιἐν
743 345 780 413 δὲ
802 349 842 434 τῇ
867 343 1024 420 ἐλάσσονι
1049 346 1178 434 σφαίρᾳ

155 450 277 530 κύκλος
305 449 323 519 ὁ
347 459 463 537 ΖΗΘ,
491 452 547 519 καὶ
576 450 738 538 ἤχθωσαν
767 448 880 519 αύτων
908 449 973 518 δύο
1000 448 1179 537 διάμετροι

155 557 240 644 πρὸς
268 555 377 645 ὀρθάς
404 557 564 644 ἀλλήλαις
592 560 630 625 αλ
654 565 734 643 ΒΛ,
762 563 839 643 ΓΕ,
865 556 922 624 καὶ
950 555 1013 624 δύο
1041 555 1178 624 κύκλων

154 663 230 751 περὶ
257 664 295 731 τὸ
326 660 408 733 αύτὸ
436 665 576 752 κέντρον
605 662 714 732 ὄντων
737 665 806 731 τῶν
829 668 975 746 ΒΓΔΕ,
1003 667 1110 728 ΖΗΘ
1133 665 1179 742 εἰς

121 790 137 840 5
154 768 215 837 τὸν
234 776 369 856 μείζονα
386 769 512 838 κύκλον
529 769 591 838 τὸν
606 775 740 837 ΒΓΔΕ
755 767 953 854 πολύγωνον
972 765 1180 856 ἰσόπλευρον

155 875 210 943 καὶ
229 873 473 964 ἀρτιόπλευρον
492 875 714 964 ἐγγεγράφθω
733 873 778 962 μὴ
792 878 906 955 ψαῦον
919 883 979 942 τοῦ
993 874 1180 954 ἐλάσσονος

155 980 282 1050 κύκλον
313 986 374 1050 τοῦ
403 989 518 1069 ΖΗΘ,
541 975 596 1052 ὀύ
627 981 768 1066 πλευραὶ
796 986 944 1049 ἔστωσαν
973 983 1009 1049 ἐν
1036 990 1084 1071 τῷ
1115 987 1181 1049 ΒΕ

155 1093 401 1180 τεταρτημορίῳ
421 1090 458 1154 ac
470 1095 552 1175 ΒΚ,
567 1094 648 1174 ΚΛ,
664 1093 756 1175 ΛΜ,
771 1094 860 1170 ΜΕ,
874 1087 930 1154 καὶ
945 1089 1180 1174 ἐπιζευχθεῖσα

155 1191 257 1279 ἡΚΑ
279 1197 409 1282 διήχθω
434 1195 487 1263 ἐπὶ
509 1193 547 1263 τὸ
562 1202 607 1281 Ν,
632 1195 688 1262 καὶ
711 1193 879 1263 ἀνεστάτω
903 1189 968 1261 ἀπὸ
988 1195 1051 1261 τοῦ
1065 1201 1099 1260 Α
1121 1211 1178 1280 ση-

104 1323 137 1372 10
156 1305 252 1386 μείον
279 1305 325 1393 τῷ
353 1304 415 1369 τοῦ
437 1307 572 1370 ΒΓΔΕ
596 1301 723 1370 κύκλον
747 1302 890 1392 ἐπιπέδῳ
916 1297 999 1387 πρὸς
1022 1298 1180 1388 ὀρθάςὴ

227 1535 252 1584 2.
271 1525 384 1602 κύκλος]
403 1528 447 1585 bis
465 1530 495 1599 P,
514 1547 584 1586 corr.
602 1549 639 1587 m.
658 1537 683 1586 2.
775 1525 842 1601 δύο]
861 1548 916 1585 om.
936 1547 962 1599 q.
1054 1536 1080 1585 3.
1101 1535 1176 1599 ΒΔ,

158 1601 228 1674 ΓΕ]
253 1607 279 1656 Δ
297 1603 327 1657 et
346 1605 403 1656 Pe
422 1619 492 1658 corr.
510 1600 550 1670 V;
573 1606 634 1670 ΒΓ,
654 1605 710 1656 ΔΕ
728 1602 760 1656 Β.
869 1607 893 1656 6.
913 1619 943 1655 τε
962 1601 1015 1655 καί
1029 1601 1064 1656 V.

158 1673 390 1747 mfflmsp
