2468 3952
136 214 201 279 310
500 216 702 269 Συουιεῐαει
724 211 774 285 ιγ’.

136 356 174 424 δὲ
192 354 213 442 ἡ
232 363 319 439 ΦΨ,
341 357 398 424 καὶ
417 353 505 444 ὀρθή
525 358 617 426 ἐστιν
634 354 656 444 ἡ
675 354 742 425 ὑπὸ
756 362 874 424 ΛΦΨ
888 362 1016 444 γωνία,
1039 381 1153 427 πεντα·

134 461 249 548 γώνου
276 461 342 548 ἄρα
370 465 461 533 ἐστὶν
488 462 510 550 ἡ
534 471 620 532 ΛΨ.
671 461 727 531 διὰ
754 461 795 531 τὰ
824 460 908 531 αὐτὰ
937 463 981 550 δὴ
1005 463 1069 534 ἐὰν
1091 468 1153 535 ἐπι·

136 568 299 655 ζεύξωμευ
321 569 384 656 τὴν
406 577 485 639 ΜΦ
507 562 615 639 οὖσαν
638 568 821 655 ἑξαγώνου,
850 569 1033 656 συνάγεται
1056 569 1153 660 ναίὴ

137 682 222 742 ΜΨ
246 675 472 761 πενταγώνου.
522 682 592 745 ἔστι
621 675 659 744 δὲ
691 675 747 742 καὶ
773 673 795 763 ἡ
823 683 902 744 ΛΜ
921 678 1154 765 πενταγώνου·

99 799 116 849 ε
136 780 338 867 ἰσόπλευρον
360 780 427 867 ἄρα
450 782 520 850 ἐστὶ
542 780 580 849 τὸ
605 787 730 848 ΛΜΨ
747 785 922 869 τρίγωνον.
962 780 1093 870 ὁμοίως
1115 783 1153 871 δὴ

134 887 363 976 δειχθήσεται,
391 885 443 956 ὅτι
470 888 526 955 καί
554 889 694 956 ἕκαστον
721 898 791 956 τῶν
817 893 945 958 λοιπῶν
967 891 1154 978 τριγώνων,

134 986 183 1062 ών
205 994 404 1081 βάσεις“με’ν
427 1000 514 1063 εἰσιν
536 997 574 1062 αἰ
591 1000 685 1080 ΜΝ,
708 997 791 1080 ΝΞ,
815 998 893 1081 ΞΟ,
918 1003 995 1082 ΟΛ,
1019 997 1153 1087 κορυφὴ

135 1099 172 1168 δὲ
194 1101 231 1168 τὸ
260 1109 298 1169 Ψ
318 1114 469 1187 σημεῖον,
493 1099 696 1185 ἰσόπλευρόν
720 1103 819 1170 ἐστιν.
865 1103 1069 1172 συνέσταται
1092 1104 1155 1194 ἄρα

134 1206 350 1293 εἰκοσάεδρον
381 1205 447 1277 ὑπὸ
480 1215 585 1277 εἰκοσι
616 1205 793 1295 τριγώνων
825 1208 1037 1297 ἰσοπλεύρων
1066 1234 1154 1300 περι·

83 1331 116 1381 10
135 1313 306 1401 εχόμενον.
1004 1396 1009 1406 .

202 1429 268 1487 Δεῖ
294 1418 336 1506 δὴ
364 1417 447 1490 αὐτὸ
474 1420 531 1488 καὶ
558 1426 686 1510 σφαίρᾳ
712 1425 905 1507 περιλαβεῖν
937 1425 979 1510 τῇ
1007 1426 1151 1512 δοθείσῃ
1194 1429 1200 1445 '

133 1525 189 1592 καί
208 1527 324 1613 δείξαι,
348 1524 400 1596 ὅτι
418 1524 439 1613 ἡ
459 1531 520 1595 τοῦ
539 1527 758 1613 εἰκοσαέδρου
775 1525 902 1614 πλευρὰ
920 1525 1046 1614 ἄλογός
1061 1531 1153 1598 ἐστιν

133 1629 155 1719 ἡ
178 1634 366 1720 καλουμένη
391 1632 553 1702 ἐλάσσων.
913 1712 917 1719 .

198 1737 286 1808 Ἐπεί
309 1739 374 1828 γὰρ
398 1738 569 1825 ἑξαγώνου
591 1740 684 1809 ἐστὶν
706 1737 728 1826 ἡ
750 1745 831 1825 ΦΧ,
855 1730 1053 1826 δεκώγώυου
1078 1742 1152 1830 δδὴ

82 1863 115 1912 15
134 1851 217 1932 ΧΩ,
249 1844 270 1932 ἡ
302 1852 372 1933 ΦΩ
403 1844 468 1933 ἄρα
501 1843 608 1933 ἄκρον
639 1846 696 1914 καὶ
727 1847 831 1932 μέσον
863 1845 968 1933 λόγον
996 1849 1154 1936 τέτμηται

133 1951 215 2021 κατὰ
238 1951 277 2022 τὸ
299 1960 345 2038 Χ,
372 1949 489 2020 καὶτὸ
512 1957 625 2038 μεῖζον
648 1950 752 2038 αὐτῆς
774 1952 885 2040 τμῆμά
910 1955 1001 2022 ἐστιν
1024 1951 1046 2041 ἡ
1075 1963 1153 2024 ΦΧ·

134 2065 225 2127 ἔστιν
257 2057 323 2147 ἄρα
356 2055 401 2138 ώς
429 2055 451 2144 ἡ
478 2063 551 2126 ΩΦ
577 2055 662 2142 πρὸς
687 2056 750 2144 τὴν
781 2065 866 2144 ΦΧ,
899 2057 1007 2139 οὕτως
1034 2057 1056 2146 ἡ
1090 2068 1157 2131 ΦΧ

133 2191 217 2254 προς
238 2163 300 2252 τὴν
324 2170 400 2232 ΧΩ.
445 2171 502 2249 ἰσυ
525 2163 564 2232 δὲ
586 2160 607 2250 ἡ
631 2163 694 2251 μὲν
719 2171 792 2232 ΦΧ
809 2168 849 2254 τῇ
876 2171 957 2250 ΦΕ,
980 2162 1002 2251 ἡ
1027 2165 1067 2233 δὲ
1086 2175 1154 2236 ΧΩ

133 2276 173 2360 τῇ
200 2278 287 2339 ΦΨ·
316 2275 406 2357 ἔστιν
434 2268 500 2354 ἄρα
523 2266 569 2349 ώς
595 2266 616 2355 ἡ
640 2276 712 2337 ΩΦ
738 2268 823 2354 πρὸς
847 2269 912 2356 τὴν
937 2277 1020 2357 ΦΕ,
1047 2270 1154 2354 οὕτως

78 2395 116 2445 νο
135 2375 156 2464 ἡ
176 2383 246 2444 ΕΦ
267 2375 351 2461 πρὸς
372 2375 435 2462 τὴν
456 2381 541 2444 ΦΨ.
577 2380 637 2442 καί
656 2379 743 2444 εἰσιν
766 2373 869 2462 ὀρθαί
892 2379 930 2443 αἰ
950 2374 1016 2447 ὑπὸ
1036 2385 1155 2465 ΩΦΕ,

134 2489 250 2550 ΕΦΨ
270 2487 404 2567 γωνίαι·
428 2481 487 2550 ἐὰν
509 2481 578 2567 ἄρα
601 2480 819 2567 ἐπιζεύξωμεν
837 2480 901 2568 τὴν
914 2487 983 2549 ΕΩ
1000 2483 1153 2571 εὐθεῖαν,

135 2585 224 2676 ὀρθὴ
257 2592 348 2655 ἔσται
379 2584 400 2672 ἡ
428 2585 495 2655 ὑπὸ
526 2594 632 2655 ΨΕΩ
658 2593 766 2672 γωνία
795 2587 852 2657 διὰ
880 2587 942 2675 τὴν
971 2586 1153 2678 ὁμοιότητα

134 2698 202 2763 τών
236 2699 357 2779 ΨΕΩ,
387 2699 493 2762 ΦΕΩ
521 2693 703 2779 τριγώνων.
755 2692 811 2761 διδι
838 2693 879 2761 τὰ
907 2691 993 2763 αὐτὰ
1017 2695 1059 2783 δὴ
1085 2699 1157 2766 ἐπεί

135 2803 225 2870 ἐστιν
253 2798 298 2880 ὡς
325 2796 346 2885 ἡ
375 2805 447 2868 ΩΦ
472 2797 558 2886 πρὸς
584 2797 646 2885 τὴν
676 2806 759 2885 ΦΧ,
788 2799 895 2880 οὕτως
922 2799 943 2888 ἡ
974 2809 1046 2870 ΦΧ
1069 2802 1154 2888 πρὸς

78 2926 116 2975 ’25
134 2905 197 2993 τὴν
220 2914 303 2992 ΧΩ,
332 2915 387 2994 ἴση
417 2905 455 2974 δὲ
481 2903 502 2992 ἡ
527 2904 588 2993 μὲν
616 2912 688 2973 ΩΦ
714 2909 754 2994 τῇ
787 2913 871 2991 ΨΧ,
901 2903 922 2993 ἡ
951 2906 989 2975 δὲ
1019 2915 1088 2977 ΦΧ
1115 2921 1153 3000 τῇ

135 3019 338 3100 ΧΠ,·ἔστιν
367 3011 432 3101 ἄρα
461 3009 505 3091 ὡς
532 3009 554 3098 ἡ
583 3018 656 3079 ΨΧ
679 3010 762 3100 πρὸς
789 3011 852 3099 τὴν
883 3020 967 3098 ΧΠ,
995 3015 1107 3097 οὕτως
1134 3015 1154 3104 ἡ

137 3127 207 3187 ΠΧ
233 3116 316 3207 πρὸς
343 3115 404 3205 τὴν
433 3124 509 3185 ΧΩ.
557 3118 614 3184 καὶ
643 3114 699 3184 διὰ
732 3129 832 3186 τοῦτο
865 3117 968 3187 πάλιν
996 3118 1057 3188 ἐὰν
1085 3125 1155 3192 ἐπι.-

136 3225 298 3313 ζεύξωμεν
322 3221 384 3311 τὴν
406 3231 445 3291 Π
453 3230 503 3318 Ψ,Ι
525 3219 615 3310 ὀρθὴ
639 3227 731 3291 ἔσται
753 3222 775 3310 ἡ
799 3224 883 3312 πρὸς
904 3229 951 3318 τῷ
974 3233 1009 3293 Π
1032 3235 1156 3314 γωνία·

208 3480 232 3528 3.
254 3476 319 3527 ΦΜ
333 3473 363 3527 P.
436 3477 460 3525 4!
483 3475 552 3526 ΨΜ
567 3472 598 3527 Ρ.
672 3469 822 3529 ίατινΡΒ.
895 3470 925 3545 ἡ]
946 3489 1030 3544 supra
1049 3492 1104 3532 ser.
1119 3496 1157 3535 m.

138 3544 199 3599 lb.
283 3550 307 3598 5.
328 3538 402 3613 ἐστί]
422 3559 476 3599 om.
495 3542 529 3612 V,
549 3538 625 3597 ἐστίν
642 3543 673 3598 Ρ.
756 3547 850 3598 ΨΛΜ
864 3543 895 3601 Ρ.
974 3541 1023 3617 δή]
1045 3563 1101 3606 om.
1122 3549 1159 3606 V.
