2468 3952
499 189 683 242 APPENDIX
700 186 735 244 11.
1057 187 1123 252 413

107 338 191 400 ΚΜ
208 329 343 415 ἄξονος,
371 329 523 398 ἐλάσσων
547 330 615 398 ἐστὶ
642 330 698 397 καλ
722 326 740 397 6
764 336 842 398 ΠΗ
861 329 1041 418 κύλινδρος
1063 341 1124 398 τοῦ

107 443 183 504 ΗΧ
197 440 388 522 κυλίνδρου.
424 436 596 525 τεσσάρων
615 434 657 523 δὴ
678 439 832 522 μεγεθῶν
852 434 972 523 ὄντων,
991 436 1124 518 ἀξόνων

108 543 169 630 μὲν
188 546 257 610 τῶν
275 549 358 627 ΕΚ,
377 548 459 627 ΚΖ,
478 547 669 628 κυλίνδρων
682 546 750 610 τῶν
765 550 849 628 ΒΗ,
868 549 907 609 Η
909 551 956 628 Δ,
976 551 1124 634 εἴληπται

108 647 217 729 ἰσάκις
238 647 470 716 πολλαπλάσια
497 653 559 717 τού
581 649 643 735 μὲν
667 655 736 717 ΕΚ
757 648 878 730 άξονος
900 649 955 716 καλ
974 656 1050 716 ΒΗ
1067 676 1124 717 κυ-

107 760 249 840 λίνδρου
273 752 292 822 ὅ
314 781 349 823 τε
372 762 406 822 K
411 762 442 822 Λ
465 753 554 836 άξωυ
572 757 628 822 καὶ
651 754 669 823 6
689 762 768 823 ΠΗ
786 755 978 842 κύλινδρος,
1001 760 1063 824 τοῦ
1087 755 1124 823 δὲ

107 868 174 929 ΚΖ
203 859 323 942 άξονος
349 862 405 928 καὶ
428 871 489 929 τοῦ
511 869 586 929 ΗΔ
613 865 798 949 κυλίνδρου
828 862 847 930 ὅ
873 887 909 929 τε
932 868 1016 929 ΚΜ
1033 861 1124 942 άξων

106 969 162 1036 καὶ
186 965 203 1036 6
228 974 267 1034 Η
285 967 479 1053 κύλινδρος,
502 968 558 1035 καλ
581 969 760 1053 δέδεικται,
785 966 851 1053 ὅτι,
876 972 906 1036 εί
927 967 1080 1055 ὑπερέχει
1104 966 1122 1036 6

108 1081 179 1143 ΛΚ
205 1072 295 1155 άξωυ
324 1077 385 1140 τοῦ
408 1080 489 1141 ΚΜ
508 1071 642 1158 άξουος,
670 1072 822 1162 ὑπερέχει
848 1073 945 1142 καὶὸ
969 1081 1048 1142 ΠΗ
1066 1074 1124 1143 κύ·

108 1185 244 1267 λινδρος
267 1183 328 1247 τοῦ
350 1186 425 1246 ΗΧ
442 1185 641 1267 κυλίνδρου,
670 1181 725 1247 καὶ
749 1184 780 1248 εί
802 1189 875 1260 ίσος
898 1182 989 1249 ἐστὶν
1012 1178 1030 1249 6
1055 1188 1124 1249 ΚΛ

107 1285 197 1369 άξῳυ
220 1290 265 1377 τῷ
289 1292 372 1353 ΚΜ
389 1284 499 1371 άξονι,
528 1294 601 1365 ἴσος
623 1287 692 1354 ἐστὶ
719 1287 775 1354 καὶ
804 1284 821 1355 6
846 1295 925 1354 ΠΗ
944 1288 1124 1373 κύλινδρος

107 1398 152 1485 τῳ
177 1399 251 1461 ΗΧ
268 1396 448 1483 κυλίνδρῳ,
476 1392 532 1459 καὶ
556 1396 586 1459 εί
609 1391 760 1460 ἐλάσσων
784 1394 875 1461 ἐστὶν
899 1391 917 1461 6
941 1400 1013 1461 ΛΚ
1033 1393 1123 1475 άξων

106 1504 168 1568 τοῦ
192 1505 275 1566 ΚΜ
297 1496 431 1584 ἄξονος,
460 1498 611 1566 ἐλάσσων
635 1499 704 1567 ἐστὶ
726 1499 781 1566 καὶ
806 1496 823 1567 6
849 1507 927 1567 ΠΗ
945 1501 1124 1588 κύλινδρος

106 1610 168 1673 τού
191 1613 264 1674 ΗΧ
283 1610 481 1692 κυλίνδρου,
510 1610 601 1672 ἐστιν
628 1602 693 1690 άρα
722 1601 766 1685 ὡς
795 1603 812 1673 6
836 1612 905 1673 ΕΚ
926 1604 1016 1686 άξων
1040 1604 1124 1692 πρὸς

106 1710 168 1780 τὸν
186 1718 252 1778 KZ
275 1713 394 1797 άξονα,
418 1709 525 1790 οὕτως
548 1708 565 1778 6
585 1717 659 1777 ΒΗ
676 1711 856 1799 κύλινδρος
875 1709 958 1798 πρὸς
976 1708 1036 1778 τδν
1054 1718 1124 1778 ΗΔ

108 1817 301 1902 κύλινδρον.

176 2034 220 2097 Οί
251 2031 303 2098 ἐπὶ
336 2038 419 2098 ίσων
452 2028 583 2116 βάσεων
612 2030 706 2109 ὅντες
732 2034 837 2098 κάνοι
863 2030 919 2096 καλ
946 2029 1123 2117 κύλινδροι
1144 2036 1175 2085 13

108 2135 193 2225 πρὸς
216 2134 381 2223 άλλήλους
405 2137 491 2204 είσλν
516 2133 561 2215 ὡς
583 2134 623 2204 τά
647 2134 726 2223 ύψη.

174 2247 324 2310 ἔστωσαν
354 2240 418 2328 γὰρ
442 2243 495 2310 ἐπὶ
519 2250 602 2310 ίσωυ
624 2243 758 2328 βάσεων
780 2247 849 2311 τῶν
873 2249 953 2327 ΑΒ,
981 2248 1043 2310 ΓΔ
1066 2241 1122 2309 κύ-

107 2336 240 2433 λινδροι
264 2352 299 2416 οί
316 2356 395 2434 ΕΒ,
420 2356 494 2418 ΖΔ.
531 2351 632 2434 λέγω,
656 2347 707 2416 ὅτι
730 2349 821 2417 ἐστὶν
845 2345 889 2428 ὡς
908 2345 926 2415 6
945 2354 1013 2414 ΗΒ
1033 2346 1123 2429 άξων

108 2453 191 2540 πρὸς
214 2453 275 2528 τὸν
293 2461 358 2521 ΚΛ
381 2452 495 2540 άξονα,
521 2452 626 2535 οὕτως
645 2452 663 2522 6
684 2462 746 2522 ΕΒ
765 2457 944 2544 κύλινδρος
962 2452 1046 2542 πρὸς
1064 2453 1123 2523 τὸν

108 2569 175 2629 ΖΔ
198 2561 389 2647 κύλινδρον.

175 2665 391 2752 ἐκβεβλήσθω
419 2665 484 2753 γάρ
513 2693 531 2734 ο
556 2674 625 2735 ΚΛ
652 2665 742 2748 άξων
770 2667 822 2736 ἐπὶ
849 2665 887 2734 τὸ
911 2674 945 2734 Ν
974 2681 1123 2754 σημείου,

106 2773 161 2840 καὶ
185 2777 311 2840 κείσθω
335 2777 380 2865 τῷ
400 2780 467 2840 ΗΘ
490 2773 586 2854 άξονι
610 2781 681 2853 ίσος
705 2800 723 2841 ο
743 2778 828 2858 ΛΝ,
851 2772 907 2839 καὶ
926 2773 1001 2858 περὶ
1020 2771 1124 2853 άξονα

48 2964 54 2971 Ι
106 2876 167 2946 τὸν
186 2885 259 2946 ΛΝ
281 2879 461 2967 κύλινδρος
484 2885 632 2947 νοείσθω
657 2877 674 2948 6
699 2885 779 2947 ΓΜ.
818 2879 887 2946 ἐπεὶ
910 2871 974 2946 οὖν
993 2882 1028 2946 οί
1045 2887 1123 2965 ΕΒ,
1215 2873 1221 2884 ’

107 2991 185 3052 ΓΜ
207 2984 382 3072 κύλινδροι
409 2981 477 3052 ὑπὸ
505 2983 542 3053 τὸ
567 2983 650 3052 αύτό
678 2989 764 3053 εἰσιν
787 2982 889 3069 ύψος,
917 2983 1001 3073 πρὸς
1024 2983 1124 3071 άλλή-

107 3098 187 3170 λους
210 3093 296 3159 είσὶν
316 3088 361 3170 ὡς
380 3094 417 3158 αλ
432 3089 554 3177 βάσεις.
587 3099 657 3158 ἴσαι
680 3093 720 3159 δέ
737 3095 823 3158 εἰσιν
843 3092 880 3156 αἱ
896 3089 1019 3177 βάσεις.
1052 3098 1125 3171 ίσος

38 3265 39 3269 ,
106 3198 174 3285 άρα
197 3198 253 3264 καὶ
276 3195 294 3265 6
319 3205 384 3265 ΒΕ
404 3196 583 3282 κύλινδρος
605 3208 650 3288 τῳ
669 3204 748 3266 ΓΜ
763 3200 943 3288 κυλίνδρῳ.
976 3197 1030 3263 κοιλ
1055 3197 1123 3265 ἐπεὶ

106 3302 287 3389 κύλινδρος
311 3301 421 3371 δΖΜ
440 3304 583 3396 ἐπιπέδῳ
603 3308 648 3395 τῳ
668 3310 731 3372 ΓΔ
748 3305 904 3389 τέτμηται
922 3303 1122 3395 παραλλήλῳ

108 3409 181 3475 ὄντι
204 3423 274 3489 τοῖς
296 3409 496 3478 ἀπεναντίον
520 3410 702 3494 ἐπιπέδοις,
732 3413 822 3477 ἐστιν
850 3407 915 3496 ἄρα
939 3406 983 3488 ὡς
1006 3405 1024 3476 6
1049 3415 1129 3477 ΓΜ

107 3513 288 3602 κύλινδρος
305 3515 389 3604 πρὸς
407 3515 467 3585 τὸν
488 3523 549 3583 ΖΔ
567 3514 761 3601 κύλινδρον,
786 3513 892 3595 οὕτως
912 3512 929 3583 6
951 3522 1021 3584 AN
1039 3513 1124 3604 πρὸς
