2468 3952
340 210 616 264 ELEMENTORUM
629 212 739 262 LIBER
756 212 804 263 XI.
1032 209 1076 273 29

57 355 104 419 ad
130 354 216 419 idem
245 354 379 443 planum
406 354 680 438 perpendicularis
709 355 785 437 eril3
814 354 899 438 quod
929 357 999 418 erat
1026 354 1079 418 de·

58 460 319 526 monstrandum.

131 725 220 802 Quae
234 726 338 790 eidem
352 729 460 790 rectae
473 725 651 809 parallelae
666 729 751 804 sunl,
765 726 863 790 etiam
879 727 907 790 si
916 727 951 790 in
965 726 1078 791 eodem

58 833 163 916 plano
186 855 252 897 non
277 835 361 915 sunt,
385 832 484 895 eliam
508 831 595 896 inter
618 852 651 894 se
675 832 852 914 parallelae
877 837 961 897 suni.

87 967 116 1020 Β
306 964 334 1020 Θ
473 960 498 1012 Α
608 935 695 1002 Nam
727 940 864 1021 utraque
896 941 978 1020 AB,
1012 939 1080 1001 ΓΛ

542 1046 648 1106 rectae
668 1047 730 1106 EZ
754 1043 913 1128 parallela
936 1043 988 1126 sit,
1011 1066 1078 1108 non

62 1134 202 1199 ...ΔΙ
462 1129 489 1178 E
541 1148 669 1232 positae
687 1149 721 1212 in
736 1148 848 1214 eodem
861 1151 969 1233 plano.
998 1150 1079 1233 dico,

542 1258 607 1318 AB
644 1261 752 1319 rectae
789 1257 856 1319 ΓΔ
888 1256 1080 1339 parallelam

543 1381 621 1424 esse.

132 1471 279 1531 sumatur
307 1467 392 1530 enim
420 1467 456 1530 in
478 1469 542 1530 EZ
569 1467 706 1550 quoduis
729 1471 884 1550 punctum
909 1473 955 1552 H,
982 1474 1015 1534 el
1039 1471 1079 1534 ab

63 1595 105 1640 eo
121 1573 161 1637 ad
180 1576 301 1638 rectam
316 1576 378 1635 ΕΖ
392 1572 667 1656 perpendicularis
683 1573 820 1639 dueatur
837 1574 871 1638 in
885 1575 984 1658 plano
1000 1581 1032 1640 E
1040 1581 1080 1659 Z,

60 1685 96 1744 A
102 1684 130 1744 Β
150 1683 312 1744 rectarum
332 1680 413 1762 ΗΘ,
436 1678 471 1742 in
488 1678 588 1761 plano
609 1683 717 1744 aulem
738 1684 814 1762 ZE,
833 1683 901 1744 ΓΔ
918 1685 1081 1746 rectarum

64 1786 109 1851 ad
126 1789 186 1851 ΕΖ
204 1806 315 1850 rursus
335 1784 610 1868 perpendicularis
626 1786 760 1850 ducatur
774 1790 855 1850 HK.
879 1791 912 1851 et
927 1790 1081 1872 quoniam

62 1897 126 1957 ΕΖ
155 1892 195 1956 ad
224 1896 395 1974 utramque
418 1894 501 1972 ΗΘ,
531 1895 606 1955 ΗΚ
627 1891 904 1976 perpendicularis
928 1897 991 1973 est,
1018 1897 1081 1957 ΕΖ

63 1997 165 2062 eliam
190 1998 231 2062 ad
254 1997 389 2082 planum
412 2000 573 2061 rectarum
596 2001 636 2061 H
640 2002 684 2080 Θ,
707 2001 783 2061 HK
804 1998 1081 2081 perpendicularis

64 2107 117 2168 esi
141 2105 244 2187 [prop.
268 2102 341 2184 IV].
379 2107 412 2167 et
435 2107 498 2167 ΕΖ
520 2107 627 2167 rectae
651 2107 718 2167 AB
741 2104 901 2188 parallela
924 2108 982 2185 esp.
1019 2105 1082 2169 ila-

79 1347 107 1400 Δ
305 1343 334 1396 Κ
462 1341 493 1395 Γ

63 2231 127 2295 que
151 2209 252 2273 eliam
271 2212 337 2273 AB
361 2209 401 2273 ad
419 2209 556 2292 planum
574 2212 736 2274 rectarum
755 2213 838 2289 ΘΗ,
857 2208 931 2273 ΗΚ
946 2232 1082 2296 perpen-

63 2316 218 2380 dicularis
242 2319 292 2379 esi
316 2317 422 2400 [prop.
440 2314 545 2397 VHI].
584 2316 695 2380 eadem
719 2315 757 2380 de
781 2338 878 2381 causa
897 2317 996 2381 etiam
1014 2320 1082 2382 ΓΛ

63 2422 106 2487 ad
137 2423 271 2506 planum
307 2424 470 2486 rectarum
502 2425 588 2504 ΘΗ,
615 2426 690 2486 ΗΚ
715 2423 990 2507 perpendicularis
1020 2427 1082 2507 esl3

63 2549 164 2613 quare
183 2531 319 2610 utraque
333 2530 400 2591 AB
406 2576 415 2609 ‚
436 2528 502 2590 ΓΔ
521 2526 712 2612 adplenum
732 2531 893 2593 rectarum
908 2532 981 2593 ΘΗ
981 2578 991 2611 ,
1009 2533 1046 2592 Η
1050 2532 1085 2592 Κ

63 2633 341 2719 perpendicularis
365 2640 423 2698 est.
466 2633 517 2697 sin
540 2634 622 2698 duae
644 2637 751 2699 rectae
776 2635 816 2699 ad
840 2635 926 2700 idem
948 2636 1082 2719 planum

63 2739 347 2825 perpendiculares
366 2743 450 2822 sunl,
469 2743 577 2804 reciae
595 2741 770 2824 parallelae
791 2744 867 2806 sunl
887 2744 992 2827 [prop.
1011 2741 1083 2823 VI].

65 2865 146 2929 ergo
168 2850 235 2910 ΑΒ
259 2850 365 2910 rectae
388 2848 455 2910 ΓΔ
477 2845 637 2929 parallela
661 2850 723 2932 est3
748 2848 833 2931 quod
858 2853 928 2913 erat
952 2849 1082 2913 demen-

66 2950 243 3017 strandum.

64 3179 94 3233 P.
185 3185 225 3234 19.
245 3175 314 3304 elga]
333 3195 416 3249 supra
434 3179 463 3232 F.
546 3185 588 3234 20.
607 3180 658 3251 τῷ]
679 3196 747 3235 corr.
768 3196 802 3234 ex
819 3180 875 3233 τῶν
893 3180 923 3233 Ρ.
1008 3183 1078 3249 ΗΘ,

66 3253 127 3304 ΗΚ
145 3268 181 3304 m.
200 3256 216 3303 2
235 3249 257 3302 F
405 3257 447 3307 22.
468 3242 519 3304 ὦσι
537 3249 594 3304 Vb.
704 3248 787 3321 εἰσιν]
808 3248 922 3306 ἔσονται
939 3251 973 3308 V.

65 3327 108 3375 23.
128 3316 198 3389 ὅπερ
219 3319 279 3375 ἔδει
297 3321 403 3393 δεῖξαι]
423 3338 476 3376 orn.
496 3320 531 3375 V.
