2468 3952
498 202 680 256 mmm
698 204 734 258 11.
1055 204 1122 270 419

105 339 145 409 τὸ
170 338 234 409 ιἰπὸ
258 342 480 428 τῆς1)ΞΜΧ.
513 342 568 410 καὶ
591 341 628 410 τὸ
652 339 721 411 ὑπὸ
744 347 813 411 των
832 350 938 413 ΔΓΦ
961 343 1027 435 ἄρα
1045 353 1122 415 ἴσον

106 448 177 515 ἐστὶ
208 458 254 539 τῳ“
287 446 352 517 ὑπὸ
384 452 454 517 τῶν
482 451 594 524 ΞΜΧ
621 449 677 517 καὶ
709 449 846 538 ΔΓΦ3)
877 455 924 544 τῳ
955 450 1020 521 ὑπὸ
1053 457 1122 521 τῶν

105 557 223 630 ΞΜΧ.
267 559 326 621 καί
351 556 442 622 ἐστιν
469 563 525 640 ἴση
552 554 574 641 ἡ
599 561 669 623 ΔΓ
692 559 732 643 τῇ
755 557 835 632 ΞΜ
881 563 936 643 ἴση
965 555 1030 644 ἄρα
1053 558 1122 626 ἐστὶ

105 661 163 728 καὶ
189 657 211 746 ἡ
241 664 307 728 ΓΦ
332 664 372 749 τῇ
401 666 484 728 ΜΧ.
534 664 603 729 ἔστι
630 660 668 729 δὲ
694 661 750 728 καὶ
777 659 838 748 ὅλη
865 660 887 748 ἡ
910 668 971 731 ΓΑ
999 661 1059 753 ὅλη
1082 669 1122 753 τῇ

107 774 189 834 AM
216 774 281 853 ἴση.
338 764 550 852 παράλληλος
582 764 649 852 ἄρα
685 767 777 835 ἐστὶν
814 765 835 854 ἡ
871 776 941 837 ΦΧ
968 773 1008 858 τῇ
1042 777 1122 838 ΜΓ.

105 873 209 941 πάλιν
239 872 308 940 ἐπεὶ
335 871 373 939 τὸ
403 870 468 939 ἀπὸ
500 875 559 957 τῆς
587 877 684 939 ΕΓΘ
710 872 921 959 τετράγωνον
949 883 1025 944 ἴσον
1053 879 1123 946 ἐστὶ

104 984 151 1069 τῳ
181 976 245 1046 ἀπὸ
276 981 335 1064 τῆς
357 983 402 1043 Μ
408 986 436 1045 Y
458 977 673 1067 τετραγώνῳ,
700 976 785 1046 ἀλλὰ
813 983 859 1070 τῳ
887 980 948 1067 μὲν
975 979 1040 1051 ἀπὸ
1064 988 1123 1071 τῆς

108 1091 170 1153 ΓΟ
193 1093 250 1153 ἴσα
277 1083 345 1152 έστῖ
368 1084 409 1150 τὰ
432 1081 497 1151 ἀπὸ
521 1086 590 1151 τῶν
614 1088 698 1167 ΓΦ,
729 1090 808 1152 ΦΟ·
838 1094 894 1172 ἴση
921 1087 987 1175 γὰρ
1010 1085 1030 1175 ἡ
1054 1087 1120 1159 ὑπὸ

108 1198 209 1259 ΓΦΟ
236 1195 356 1276 γωνία·
388 1193 433 1281 τῷ
467 1187 498 1256 δ’
529 1186 594 1256 ιἰπὸ
623 1192 681 1276 τῆς
704 1197 781 1258 ΜΤ
805 1199 862 1260 ἴσα
889 1194 959 1262 ἐστὶ
985 1194 1026 1262 τὰ
1054 1195 1121 1264 ιἰπὸ

105 1303 175 1366 τῶν
198 1305 287 1382 ΜΧ,
315 1301 391 1363 ΧΤ·
420 1294 509 1382 ὀρθὴ
532 1294 597 1381 γάρ
621 1298 711 1363 ἐστιν
734 1293 756 1382 η
779 1294 844 1365 ὑπὸ
869 1306 980 1367 ΜΧΟ
1001 1307 1121 1386 γωνία·

105 1401 225 1471 καὶτὰ
248 1400 313 1470 ἀπὸ
336 1406 404 1471 τῶν
424 1408 504 1487 ΓΦ,
527 1408 592 1469 ΦΟ
615 1401 681 1489 ἄρα
705 1411 762 1470 ἴσα
785 1404 854 1472 έστῖ
875 1417 946 1485 τοῖς
968 1403 1034 1475 ἀπὸ
1053 1413 1122 1476 τῶν

105 1515 196 1595 ΜΧ,
220 1517 300 1595 ΧΥ,
325 1499 373 1575 ὧν
396 1506 433 1575 τὸ
458 1505 522 1575 ιἰπὸ
546 1518 605 1594 τῆς
624 1514 691 1576 ΓΦ
713 1515 788 1577 ἴσον
812 1511 881 1578 ἐστὶ
904 1521 949 1602 τῳ
974 1511 1039 1582 ἀπὸ
1064 1519 1123 1602 τῆς

107 1624 190 1684 ΜΧ.
230 1611 352 1684 λοιπὸν.
374 1613 440 1701 ἄρα
462 1612 500 1682 τὸ
524 1611 590 1682 ἀπὸ
613 1619 672 1702 τῆς
693 1621 759 1683 ΦΟ
781 1620 886 1706 λοιπῷ
910 1627 956 1708 τῳ
980 1616 1046 1687 ἀπὸ
1064 1624 1123 1706 τῆς

106 1731 139 1791 Χ
145 1731 174 1789 Y
194 1724 284 1790 έστιν
312 1728 396 1789 ἴσον.
444 1728 498 1807 ἴση
527 1718 593 1807 ἄρα
621 1722 712 1789 έστῖν
735 1719 757 1807 ἡ
783 1728 848 1790 ΦΟ
870 1733 910 1811 τῇ
938 1731 1006 1792 ΤΧ.
1052 1730 1122 1794 ἴστι

106 1829 144 1896 δὲ
168 1826 252 1913 αὕτη
279 1827 335 1894 καὶ
363 1825 583 1912 παράλληλος.
627 1828 683 1895 καὶ
706 1831 744 1897 αἴ
767 1835 847 1914 ΦΧ,
877 1836 943 1896 OY
962 1827 1027 1916 ἄρα
1051 1839 1121 1900 ἴσαι

105 1938 144 2004 τέ
164 1939 228 2002 εἴσι
250 1933 306 2000 καὶ
328 1931 543 2019 παράλληλοι.
581 1931 601 2020 ἡ
625 1932 691 2020 ἄρα
713 1942 782 2003 ΦΧ
800 1938 840 2023 τῇ
859 1941 936 2003 ΓΜ
953 1937 1022 2005 έστι
1040 1961 1122 2027 παρ-

105 2042 257 2128 ύλληλος.
306 2040 362 2106 καὶ
395 2039 415 2126 ἡ
441 2044 517 2106 ΓΜ
543 2038 610 2126 ἄρα
640 2050 681 2127 τῇ
707 2047 772 2108 ΟΥ
800 2042 870 2110 έστι
901 2041 1121 2130 παράλληλος.

105 2149 161 2217 καὶ
190 2146 243 2234 ἐφ’
276 2146 431 2231 ἑκατέρας
457 2144 570 2215 αὐτῶν
600 2153 749 2232 εἴληπται
771 2145 915 2233 τυχόντα
938 2162 1057 2234 σημεῖα
1079 2149 1121 2217 τὰ

106 2262 157 2339 Ν,
180 2261 235 2338 Μ,
259 2260 303 2338 0,
326 2259 364 2337 Γ,
386 2252 443 2320 καὶ
462 2253 692 2340 ἐπεζευγμέναι
711 2252 798 2320 εἴσὶν
817 2255 854 2319 αἴ
870 2260 957 2340 ΜΤ,
981 2260 1052 2323 ΓΟ.
1085 2260 1125 2324 αἴ

105 2359 172 2447 ύρα
191 2367 275 2444 ΤΜ,
299 2365 381 2445 ΜΓ,
405 2364 482 2444 ΓΟ,
508 2365 573 2425 OT
592 2360 629 2426 έν
648 2356 754 2449 τούτῳ
775 2359 843 2426 ἐστὶ
857 2359 964 2428 καὶτὸ
984 2369 1123 2430 ΤΜΓΟ

105 2465 358 2553 τετράπλευρον.
408 2463 445 2534 τὸ
472 2462 540 2550 ἄρα
569 2469 711 2532 ΥΜΓΟ
737 2464 982 2554 τετράπλευρον
1010 2471 1047 2536 ἐν
1070 2469 1127 2538 ἑνί

107 2576 197 2641 ἐστιν
225 2573 377 2663 ἐπιπέδῳ.
432 2570 488 2638 διὰ
519 2570 559 2638 τὰ
590 2567 677 2638 αὐτὰ
710 2568 752 2655 δὴ
784 2571 841 2638 καῖ
868 2573 1025 2660 ἑκάτερον
1052 2580 1122 2643 τῶν

109 2686 214 2746 ΊὈΠ
219 2687 262 2764 Τ,
282 2686 347 2746 ΡΣ
362 2675 614 2765 τετραπλεύρων
633 2677 670 2743 έν
690 2676 745 2744 ἑνί
760 2678 850 2746 ἐστιν
866 2679 1018 2770 ἐπιπέδῳ.
1051 2684 1121 2747 έστι

105 2785 145 2854 δὲ
167 2786 222 2853 καὶ
245 2788 283 2852 τὸ
308 2791 414 2852 ΣΡΝ
432 2788 599 2871 τρίγωνον
626 2783 663 2849 ἐν
691 2782 742 2850 ἑνὶ
770 2784 922 2852 ἐπιπέδῳ.
967 2784 1023 2851 καὶ
1051 2786 1122 2853 ἐπεὶ

106 2901 162 2977 ἴση
191 2892 281 2958 ἐστὶν
312 2887 333 2976 ἡ
361 2897 406 2957 Μ
410 2898 439 2957 Y
467 2899 506 2978 τῇ
534 2893 615 2975 ΓΟ,
647 2887 703 2955 καὶ
734 2889 946 2976 παράλληλός
978 2893 1069 2958 έστιν
1098 2889 1121 2978 ἡ

106 3005 182 3066 ΜΓ
200 3002 240 3086 τῇ
268 3003 351 3081 ΤΟ,
367 2998 404 3063 έν
425 2995 535 3086 κύκλῳ
559 2993 624 3082 ἄρα
647 2994 717 3063 έστῖ
739 2993 780 3063 τὰ
803 3003 858 3083 Μ,
881 3002 919 3082 Γ,
947 3003 987 3081 Y,
1013 3002 1042 3062 0
1064 3015 1120 3083 ση-

106 3117 191 3191 μεῖα.
236 3102 332 3190 ἤχθω
360 3100 426 3169 ἀπὸ
449 3105 511 3169 τοῦ
532 3110 566 3168 A
592 3107 732 3188 σημείου
760 3100 813 3168 ἐπὶ
835 3099 873 3169 τὸ
896 3105 959 3169 τού
980 3108 1122 3171 ΜΓῬΟ

106 3208 352 3298 τετραπλεύρου
383 3209 541 3275 έπῖπειῖον
572 3206 715 3287 κάθετος
740 3203 762 3291 ἡ
790 3214 822 3274 Α
833 3214 870 3274 Ψ
892 3208 948 3275 καὶ
975 3214 1122 3295 συμβαλ-

106 3316 188 3382 λέτω
211 3318 256 3405 τῳ
281 3314 423 3403 ἐπιπέδῳ
447 3311 529 3380 κατὰ
547 3311 584 3381 τὸ
609 3321 651 3382 Ψ.
676 3312 726 3381 ’τὸ
751 3319 789 3380 Ψ
804 3311 869 3401 ἄρα
889 3326 1028 3400 σημεῖον
1047 3315 1121 3383 κέν-

180 3477 206 3542 1)
226 3470 282 3528 ἀπὸ
302 3473 353 3540 τῆς
371 3488 440 3528 corr.
459 3472 490 3526 in
508 3465 565 3526 ύπὸ
585 3473 641 3527 τῶν
659 3491 696 3528 m.
717 3479 741 3528 1.

177 3549 205 3615 2)
225 3548 249 3598 Φ
267 3560 337 3600 corr.
356 3559 391 3598 ex
408 3547 437 3597 X
452 3561 488 3597 m.
510 3548 533 3597 1.

906 3631 961 3687 2⁷*
