2468 3952
67 278 71 286 .
130 216 175 278 44
505 214 707 266 mommsen
726 208 777 267 ια’.

130 356 169 424 τὰ
194 364 237 441 Ζ,
266 363 295 423 Θ
317 357 400 443 μέρη
429 352 450 441 ἢ
480 355 532 423 ἐπὶ
559 353 600 422 τὰ
624 362 668 439 Ε,
695 361 735 421 Η
758 358 1014 439 συμπεσοῦνται.
1060 356 1148 441 ἐκβε-

130 462 337 550 βλήσθωσαν
361 458 406 539 τός
428 457 481 528 ἐπὶ
504 459 545 527 τὰ
565 467 607 543 Ζ,
632 467 661 527 Θ
683 461 765 546 μέρη
793 459 848 526 καὶ
872 461 1150 545 συμπιπτέτωσαν

131 567 297 656 πρότερον
323 564 406 635 κατὰ
433 565 471 634 τὸ
501 573 541 634 Κ.
591 566 647 633 καὶ
675 566 744 633 έπελ
772 563 793 653 ἡ
817 571 922 632 ΕΖΚ
947 563 985 632 ἐν
1012 569 1058 657 τῳ
1083 573 1149 633 AB

131 672 223 744 ἐστιν
251 672 411 767 ἐπιπέδῳ,
439 673 495 741 καὶ
517 672 625 740 πάντα
649 670 715 759 ἄρα
741 671 782 738 τὰ
806 668 860 739 ἐπὶ
882 675 941 758 τῆς
964 678 1066 739 ΕΖΚ
1092 691 1149 758 ση-

97 793 208 866 σμεία
235 778 273 847 ἐν
299 790 345 872 τῷ
369 789 434 849 ΑΒ
463 778 554 848 ἐστιν
583 777 737 870 ἐπιπέδῳ.
787 780 824 846 ἓν
853 778 891 846 δὲ
918 783 986 846 τῶν
1015 777 1068 846 ἐπὶ
1090 790 1150 865 τῆς

132 893 235 953 ΕΖΚ
256 883 391 966 εὐθείας
419 893 565 972 σημείων
593 885 663 954 ἐστὶ
689 884 728 954 τὸ
753 892 797 952 Κ·
826 884 864 952 τὸ
888 891 922 951 Κ
949 883 1014 970 ἄρα
1042 882 1081 953 ἐν
1102 890 1148 976 τῷ

131 999 197 1059 ΑΒ
230 990 322 1060 ἐστιν
354 990 507 1085 ἐπιπέδῳ.
554 989 611 1059 διὰ
643 989 684 1058 τὰ
713 989 797 1058 αὐτὰ
830 992 872 1077 δὴ
904 989 942 1058 τὸ
966 997 1001 1057 Κ
1027 990 1083 1057 καλ
1111 989 1149 1059 ἐν

130 1102 176 1188 τῷ
201 1104 268 1166 ΓΔ
290 1096 382 1166 ἐστιν
404 1095 561 1188 ἐπιπέδῳ·
585 1097 625 1164 τὰ
649 1104 731 1184 ΑΒ,
754 1103 821 1165 ΓΔ
848 1095 914 1184 ἄρα
937 1092 1076 1163 ἐπίπεδα
1099 1094 1149 1163 ἐκ·

131 1203 321 1290 βαλλόμενα
350 1208 607 1291 συμπεσοῦνται.
653 1199 694 1271 οὐ
723 1209 945 1288 συμπίπτουσι
969 1201 1007 1270 δέ
1030 1201 1147 1270 διὰτὸ

81 1328 114 1377 10
133 1312 327 1397 παράλληλα
350 1307 563 1377 ὑποκεῖσθαι·
592 1306 655 1377 οῦκ
678 1308 743 1396 όίρα
767 1312 804 1375 αί
824 1315 902 1393 ΕΖ,
925 1314 994 1375 ΗΘ
1017 1304 1149 1375 εὐθεῖαι

131 1412 371 1502 ἐκβαλλόμεναι
394 1413 448 1483 ἐπὶ
471 1415 512 1483 τὰ
532 1424 574 1501 Ζ,
589 1422 618 1482 Θ
636 1417 719 1503 μέρη
739 1424 994 1501 συμπεσοῦνται.
1026 1411 1151 1498 ὁμοίως

133 1522 175 1606 δὴ
201 1524 363 1607 δείξομεν,
388 1519 439 1590 ὅτι
463 1525 501 1589 αί
521 1528 598 1606 ΕΖ,
621 1526 690 1586 ΗΘ
712 1518 844 1588 εὐθεῖαι
868 1517 948 1588 οῦδέ
971 1515 1025 1587 ἐπὶ
1047 1517 1088 1586 τὰ
1104 1527 1149 1604 Ε,

131 1633 172 1694 Η
195 1629 278 1712 μέρη
302 1625 544 1712 ἐκβαλλόμεναι
568 1631 824 1712 συμπεσοῦνται.
869 1630 907 1694 αλ
928 1624 966 1693 δέ
989 1623 1042 1693 ἐπὶ
1066 1630 1149 1712 μηδ-

133 1734 227 1817 έτερα
259 1731 299 1799 τὰ
323 1734 404 1819 μέρη
430 1737 677 1818 συμπίπτουσαι
700 1732 912 1817 παράλληλοί
934 1734 1028 1797 είσιν.
1066 1754 1147 1819 παρ-

81 1857 113 1906 15
132 1836 276 1925 όλληλος
299 1836 364 1927 όίρα
388 1835 480 1906 ἐστὶν
504 1835 525 1925 ἡ
550 1824 612 1905 ΕΖ
635 1841 675 1926 τῇ
700 1844 776 1904 ΗΘ.

196 1941 275 2012 Ἐδιν
307 1943 373 2032 όίρα
406 1944 468 2012 δύο
498 1942 636 2011 ἐπίπεδα
662 1942 859 2031 παράλληλα
891 1941 957 2011 ὑπὸ
990 1941 1150 2010 ἐπιπέδου

131 2050 224 2130 τινὸς
254 2052 427 2136 τέμνηται,
460 2053 498 2117 αί
525 2050 638 2118 κοιναὶ
670 2048 783 2116 αὐτόν
816 2048 914 2134 τομαὶ
941 2048 1149 2136 παράλληλοι

133 2161 233 2223 είσιν·
259 2154 340 2242 ὅπερ
364 2160 432 2223 ἔδει
456 2157 571 2235 δείξαι.

615 2347 667 2431 ιζ’.

80 2491 114 2542 20
197 2472 285 2541 Ἐὰν
318 2471 391 2541 δύο
424 2468 583 2541 εὐθεῖαι
615 2470 690 2540 ὑπὸ
723 2473 986 2560 παραλλήλων
1019 2441 1149 2542 ἐπιπέ-

133 2584 215 2647 δων
242 2579 486 2681 τέμνωνται,
514 2583 569 2658 είς
596 2577 689 2658 τοὺς
716 2576 863 2660 αὐτοὺς
890 2579 1035 2667 λόγους
1056 2606 1150 2667 τμη-

132 2684 337 2770 θήσονται.

201 2788 276 2857 Δόο
304 2788 369 2877 γὰρ
399 2785 531 2857 εόθεῑαι
559 2792 597 2856 αί
622 2797 703 2874 ΑΒ,
733 2794 800 2856 ΓΔ
826 2788 892 2857 ὑπὸ
925 2793 1149 2880 παραλλήλων

133 2899 298 2966 ἐπιπέδων
321 2900 390 2965 τεόν
412 2902 497 2980 ΗΘ,
526 2902 611 2982 ΚΛ,
639 2902 723 2964 ΜΝ
740 2896 979 2983 τεμνέσθωσαν
1002 2897 1084 2966 κατὰ
1108 2898 1150 2968 τὰ

80 3021 114 3070 25
133 3013 179 3088 A,
199 3010 243 3088 Ε,
262 3009 307 3089 Β,
346 3008 389 3088 Γ,
409 3010 504 3088 Ζ,·Δ
523 3016 656 3089 σημεῖα·
681 3004 779 3088 λέγω,
803 3001 854 3071 ότι
873 3004 965 3071 ἐστὶν
984 3004 1029 3084 ὡς
1047 3003 1067 3091 ἡ
1082 3013 1152 3072 ΑΕ

134 3107 252 3178 εὐθεῖα
275 3107 357 3197 πρὸς
379 3107 441 3195 τὴν
466 3116 545 3195 ΕΒ,
569 3107 677 3188 οὕτως
699 3108 720 3196 ἡ
743 3114 805 3177 ΓΖ
828 3108 911 3197 πρὸς
934 3109 997 3196 τὴν
1020 3117 1096 3178 ΖΔ.

207 3330 230 3374 1.
249 3317 297 3390 τό]
316 3319 390 3388 (alt.)
409 3338 494 3390 supra
511 3338 562 3376 scr.
577 3339 615 3375 m.
630 3327 645 3375 2
661 3321 692 3376 B.
749 3321 970 3392 συμπεσοῦνται]
992 3339 1045 3376 om.
1060 3322 1093 3376 V.

134 3388 317 3463 ἐκβεβλήσθω
335 3389 366 3443 in
383 3407 437 3444 ras.
448 3390 481 3447 V.
537 3397 561 3445 2.
581 3389 631 3462 ὡς]
650 3392 682 3459 Ρ,
701 3392 723 3444 F
742 3409 779 3445 m.
800 3397 827 3457 13
848 3387 986 3460 πρότερον
1006 3389 1043 3454 ὡς
1062 3393 1149 3460 BVb,

133 3462 252 3515 Em.
326 3466 350 3514 3.
369 3460 519 3534 πρότερον]
535 3462 693 3517 om.BFV.
765 3461 835 3516 Post
852 3465 905 3516 καί
920 3464 1043 3532 spatium
1062 3463 1149 3520 elitt.

133 3531 212 3600 reliq.
224 3550 254 3599 ῳ.
310 3531 419 3604 τῳΑΒ]
436 3530 483 3589 ἐνί
493 3534 521 3602 b,
535 3551 592 3603 mg.
608 3554 649 3603 γρ.
665 3529 697 3588 έν
711 3533 749 3606 τῷ
764 3538 813 3586 ΑΒ
833 3528 917 3588 ἐστιν.
980 3540 1006 3589 4.
1022 3531 1149 3607 ἐπιπέδῳ
