2468 3952
130 231 197 296 294
500 232 702 284 mmmm
721 228 769 300 η’.

132 381 245 458 ΔΑΒ,
279 378 383 441 ΔΑΓ
408 371 601 460 τριγώνων,
633 372 687 438 καὶ
721 368 808 439 εἶναι
841 368 887 451 ὡς
916 371 980 458 τὴν
1012 375 1146 460 πρώτην

130 479 214 568 πρὸς
236 477 297 567 τὴν
320 484 451 566 τρίτην,
480 476 586 558 οὕτως
613 477 651 545 τὸ
676 476 742 545 άπδ
766 481 825 564 τῆς
847 477 979 566 πρώτης
1001 477 1090 567 πρὸς
1111 478 1164 548 τδ

129 584 196 655 άπὸ
218 591 277 673 της
300 586 480 674 δευτέρας].
517 582 674 672 ἡμιόλιον
697 584 762 673 άρα
785 583 901 652 καὶτὸ
924 581 989 651 άπὸ
1010 589 1070 672 της
1089 586 1147 654 BA

129 697 191 761 τοῦ
210 691 275 761 άπὸ
295 697 353 778 τῆς
371 700 447 762 ΑΛ.
483 697 543 759 καί
559 694 651 760 ἐστιν
669 688 689 777 ἡ
709 690 771 778 μὲν
785 698 853 758 BA
870 689 890 777 ἡ
909 701 969 777 τῆς
988 695 1147 778 δοθείσης

96 819 112 868 5
131 805 277 886 σφαίρας
299 799 488 887 διάμετρος,
511 795 532 885 ἡ
557 797 596 867 δὲ
617 807 689 866 ΑΔ
713 805 768 884 ίση
793 800 833 886 τῇ
856 801 983 886 πλευρᾷ
1008 801 1069 884 τῆς
1092 821 1147 865 πυ-

19 930 23 938 ’
130 911 279 993 ραμίδος.
991 953 994 959 ·

193 1009 239 1079 ‘H
265 1011 330 1100 άρα
357 1015 416 1098 τῆς
448 1015 593 1099 σφαίρας
622 1012 799 1099 διάμετρος
829 1007 965 1098 ἡμιολία
993 1010 1066 1078 ἐστὶ
1094 1015 1148 1097 τῆς

130 1126 274 1207 πλευρᾶς
296 1129 356 1206 τῆς
379 1123 579 1206 πυραμίδος·
603 1116 684 1204 ὅπερ
708 1121 776 1186 ἔδει
801 1119 915 1198 δείξαι.

562 1373 713 1454 Λῆμμα.

79 1509 112 1559 10
198 1491 369 1575 Δεικτέον,
394 1487 446 1559 ὅτι
470 1492 561 1559 ἐστὶν
580 1481 625 1570 ὡς
642 1489 662 1576 ἡ
681 1497 747 1559 AB
766 1489 850 1576 πρὸς
868 1488 929 1576 τὴν
948 1495 1023 1576 ΒΓ,
1044 1488 1149 1570 οὕτως

130 1594 167 1663 τδ
191 1593 258 1663 άπὸ
282 1599 341 1682 τῆς
362 1605 430 1665 ΑΔ
452 1594 536 1684 πρὸς
558 1595 596 1665 τδ
620 1594 685 1665 άπὸ
709 1607 768 1682 τῆς
792 1602 867 1663 ΔΓ.

195 1700 375 1771 Ἐκκείσθω
403 1701 468 1791 γάρ
495 1701 516 1789 ἡ
540 1714 602 1771 τοῦ
629 1700 829 1789 ἡμικυκλίου
850 1701 1051 1789 καταγραφή
1057 1753 1067 1788 ,
1095 1703 1149 1770 καὶ

131 1808 318 1898 ἐπεζεύχθω
350 1808 371 1896 ἡ
405 1816 487 1894 ΔΒ,
519 1810 575 1876 καὶ
608 1807 859 1897 ἀναγεγράφθω
892 1805 958 1876 άπδ
991 1813 1053 1894 τῆς
1086 1813 1154 1877 ΑΓ

130 1917 342 2006 τετράγωνον
364 1915 402 1984 τὸ
422 1922 496 2002 ΕΓ,
519 1916 575 1982 καί
598 1914 900 2003 συμπεπληρώσθω
923 1913 961 2004 τὸ
982 1921 1045 1982 ΖΒ
1069 1939 1150 2003 παρ-

80 2042 112 2092 15
131 2023 422 2112 αλληλόμραμμον.
467 2023 537 2090 ἐπεὶ
561 2013 625 2090 οὖν
649 2021 705 2089 διά
730 2021 768 2090 τὸ
793 2020 976 2108 ίσομάνιον
999 2018 1089 2090 εἶναι
1112 2020 1149 2090 τὸ

133 2138 231 2197 ΔΑΒ
264 2136 432 2218 τρίγωνον
463 2133 510 2222 τῷ
540 2134 645 2197 ΔΑΓ
665 2129 817 2221 τριγώνῳ
852 2128 943 2195 ἐστὶν
971 2125 1017 2208 ὡς
1045 2127 1066 2214 ἡ
1091 2135 1151 2195 BA

130 2235 215 2322 πρὸς
237 2234 299 2323 τὴν
321 2244 403 2321 ΑΔ,
432 2233 540 2316 οὕτως
568 2233 589 2323 ἡ
615 2243 681 2303 ΛΑ
708 2233 791 2323 πρὸς
817 2232 878 2322 τὴν
906 2239 987 2320 ΑΓ,
1015 2232 1054 2302 τδ
1085 2232 1151 2322 άρα

130 2339 197 2410 ὑπὸ
225 2345 293 2410 τῶν
321 2349 397 2427 BA,
425 2348 495 2409 ΑΓ
519 2350 595 2411 ίσον
625 2342 694 2410 ἐστί
721 2346 766 2432 τῷ
795 2339 860 2409 άπὸ
888 2343 946 2426 τῆς
969 2348 1045 2408 ΑΔ.
1096 2342 1151 2409 καί

132 2449 207 2516 ἐπεί
235 2449 326 2516 ἐστιν
359 2445 404 2527 ὡς
434 2444 455 2534 ἡ
486 2456 551 2516 AB
579 2447 663 2536 πρὸς
689 2446 752 2535 τὴν
778 2453 851 2533 ΒΓ,
885 2444 991 2526 οὕτως
1019 2444 1058 2515 τὸ
1087 2454 1152 2514 ΕΒ

79 2573 114 2623 20
131 2552 216 2642 πρὸς
238 2551 276 2621 τὸ
300 2561 378 2640 ΒΖ,
405 2559 464 2622 καί
485 2557 554 2624 ἐστι
581 2555 619 2623 τδ
649 2553 711 2639 μὲν
738 2560 801 2621 ΕΒ
824 2551 862 2622 τδ
885 2550 951 2621 ὑπὸ
975 2563 1046 2620 τῶν
1069 2559 1153 2640 BA,

131 2666 210 2728 ΑΓ·
238 2668 294 2747 ίση
323 2660 387 2748 γὰρ
415 2658 436 2747 ἡ
461 2669 527 2730 EA
554 2664 593 2749 τῇ
616 2665 694 2727 ΑΓ·
721 2657 759 2726 τδ
785 2658 823 2728 δὲ
846 2667 908 2727 ΒΖ
930 2657 968 2726 τὸ
991 2656 1059 2728 ὑπὸ
1083 2663 1152 2728 τῶν

132 2772 209 2853 ΑΓ,
233 2772 265 2834 Γ
266 2774 310 2852 Β,
334 2766 380 2846 ὥς
402 2765 468 2855 άρα
490 2766 511 2855 ἡ
530 2771 596 2834 ΑΒ
619 2764 705 2852 πρὸς
721 2764 784 2852 τὴν
802 2770 875 2851 ΒΓ,
899 2763 1004 2845 οὕτως
1026 2764 1065 2834 τὸ
1085 2763 1152 2834 ὑπὸ

132 2877 200 2941 τῶν
228 2881 305 2958 BA,
333 2880 401 2941 ΑΓ
424 2872 507 2962 πρὸς
534 2871 572 2940 τδ
596 2870 662 2940 ὑπὸ
690 2876 760 2940 τῶν
782 2878 857 2959 ΑΓ,
888 2878 959 2941 ΓΒ.
1002 2877 1063 2938 καί
1083 2875 1154 2941 ἐστι

54 3067 59 3073 Ι
132 2977 170 3047 τὸ
195 2979 256 3066 μὲν
279 2977 344 3047 ὑπὸ
369 2991 438 3049 τῶν
461 2988 540 3066 ΒΑ,
568 2985 640 3046 ΑΓ
659 2987 737 3047 ίσον
759 2982 804 3069 τῷ
832 2977 898 3047 άπὸ
921 2981 981 3065 τῆς
1002 2986 1086 3065 ΑΔ,
1116 2976 1153 3047 τὸ

80 3103 114 3154 25
133 3085 171 3153 δὲ
194 3083 260 3153 ὑπὸ
284 3089 352 3154 τῶν
375 3092 473 3154 ΑΓΒ
502 3094 578 3154 ίσον
606 3082 737 3177 τῷλάπδ
762 3088 822 3171 τῆς
844 3091 922 3152 ΛΓ·
952 3081 973 3171 ἡ
998 3085 1062 3172 γάρ
1087 3091 1159 3152 ΔΓ

132 3189 275 3271 κάθετος
296 3201 363 3260 τῶν
386 3197 444 3279 της
461 3191 591 3280 βάσεως
608 3191 788 3279 τμημάτων
807 3195 874 3259 τῶν
893 3195 968 3275 ΑΓ,
988 3195 1050 3257 ΓΒ
1070 3191 1154 3276 με’ση

133 3296 304 3384 άνάλομόν
328 3300 397 3366 ἐστι
421 3297 477 3366 διά
500 3297 537 3367 τὸ
563 3296 676 3387 ὀρθὴν
695 3296 781 3367 εἶναι
799 3296 861 3385 τὴν
878 3295 945 3366 ὑπὸ
963 3303 1076 3364 ΑΛΒ.
1111 3295 1158 3377 ὡς

138 3463 142 3471 ’
205 3498 230 3549 4.
250 3489 281 3564 ἡ]
301 3495 373 3564 (αλλ.)
393 3509 447 3548 om.
467 3511 493 3562 q.
559 3499 584 3548 5.
603 3493 665 3564 ΑΔ]
684 3509 738 3547 om.
757 3494 785 3550 b.
854 3498 878 3548 ⁷.
898 3486 1018 3561 δυνάμει
1036 3485 1156 3562 ἡμιολία

133 3563 291 3636 Gregorius.
380 3569 409 3620 -9.
430 3564 539 3638 λῆμμα]
557 3581 613 3621 om.
631 3563 711 3620 οοδδ
804 3569 845 3618 13.
866 3563 930 3634 ΔΒ]
954 3579 1040 3633 ευμεν,
1060 3580 1113 3619 scr.
1133 3568 1156 3618 A
