2468 3952
129 217 194 281 312
498 217 701 271 zTolme
720 213 770 286 η’.

127 357 165 429 τὸ
189 358 255 443 ἄρα
278 359 331 426 ἐπὶ
353 368 411 444 τής
439 365 511 426 ΨΩ
533 356 751 446 γραφόμενον
773 355 974 445 ἡμικύκλιον
1002 356 1075 443 ἡξει
1097 358 1146 424 καί

129 463 185 532 διὰ
208 469 269 533 τοῦ
291 473 335 533 Π.
379 465 435 532 καί
464 463 525 532 ἐὰν
552 463 719 551 μενούσης
745 468 804 551 τῆς
831 471 904 532 ΨΩ
929 464 1146 552 περιενεχθὲν

128 570 167 640 τὸ
191 570 390 659 ἡμικύκλιον
414 576 461 651 εἰς
483 571 520 638 τὸ
541 568 624 638 αύτό
642 570 745 638 πάλιν
763 569 1044 660 ἀποκατασταθῇ,
1070 570 1147 639 ὅθεν

129 676 250 766 ἤρξατο
275 678 455 765 φέρεσθαι,
479 675 549 763 ἡξει
571 677 627 744 καὶ
651 676 707 744 διὰ
726 687 787 746 τοῦ
807 685 842 744 Π
859 675 1003 745 καὶτῶν
1022 679 1147 744 λοιπῶν

94 802 109 849 5
129 776 276 871 σημείων
294 788 356 851 τού
376 784 605 868 εἰκοσαέδρου,
628 783 685 851 καί
703 788 796 851 ἔσται
814 788 942 872 σφαίρᾳ
959 787 1143 870 περιειλημ-

130 893 234 976 μένον
257 889 295 959 τὸ
320 889 544 976 εἰκοσάεδρον.
587 890 672 974 λέγω
696 888 754 975 δή,
778 887 830 957 ὅτι
852 889 908 957 καὶ
929 899 971 978 τῇ
999 894 1145 976 δοθείση.

128 996 304 1083 τετμήσθω
337 994 402 1081 γὰρ
434 993 455 1082 ἡ
491 1001 561 1062 ΦΧ
590 998 666 1081 δίχα
697 997 780 1063 κατὰ
809 993 847 1064 τὸ
880 993 937 1065 Α’.
993 995 1050 1064 καὶ
1083 995 1147 1063 ἐπεὶ

130 1100 248 1170 εύθεῑα
270 1100 405 1190 γραμμή
428 1099 449 1187 ἡ
467 1108 537 1169 ΦΩ
554 1099 661 1187 ἄκρον
678 1103 734 1169 καὶ
753 1104 856 1188 μέσον
864 1105 979 1188 ’λόγον
995 1102 1148 1188 τέτμηται

129 1208 212 1277 κατὰ
235 1208 273 1277 τὸ
292 1217 338 1292 Χ,
360 1209 417 1277 καί
438 1206 476 1276 τὸ
500 1213 643 1276 ἔλασσον
667 1206 770 1294 αύτής
788 1207 900 1296 τμὴμύ
919 1211 1011 1276 ἐστιν
1031 1205 1054 1294 ἡ
1073 1213 1149 1292 ΩΧ,

81 1313 154 1402 1οὴ
183 1313 248 1400 ἄρα
271 1321 343 1381 ΩΧ
365 1317 605 1400 προσλαβοῦσα
631 1313 695 1399 τήν
726 1313 882 1402 ἡμίσειαν
910 1318 972 1383 τού
1001 1319 1150 1401 μείζονος

130 1420 298 1507 τμήματος
316 1419 377 1505 τήν
398 1419 477 1488 XA'
496 1422 744 1493 πενταπλάσιον
764 1419 906 1489 δύναται
924 1425 986 1488 τού
1006 1419 1076 1489 ἀπὸ
1095 1423 1150 1506 τὴς

130 1523 282 1613 ἡμισείας
314 1530 375 1593 τοῦ
407 1532 557 1613 μείζονος
588 1524 771 1613 τμήματος·
803 1525 1054 1596 πενταπλάσιον
1087 1526 1149 1615 ἄρα

131 1633 201 1701 ἐστὶ
222 1631 260 1700 τὸ
285 1630 350 1700 ἀπὸ
374 1636 433 1719 τῆς
451 1633 534 1700 ΩΑ’
557 1637 619 1700 τοῦ
643 1631 708 1700 ἀπὸ
728 1637 787 1718 τὴς
805 1633 898 1704 A‘X.
929 1638 990 1701 καί
1006 1637 1078 1702 ἐστι
1097 1642 1151 1719 τῆς

32 1792 37 1802 .
131 1739 194 1826 μὲν
220 1738 304 1807 ΩΑ’
333 1743 432 1824 διπλῆ
460 1736 481 1824 ἡ
510 1745 602 1824 ΩΨ,
630 1749 688 1825 τής
718 1739 756 1807 δὲ
779 1739 865 1807 Α’Χ
888 1743 989 1826 διπλῆ
1018 1737 1041 1826 ἡ
1074 1746 1150 1808 ΦΧ·

81 1863 112 1913 15
131 1846 377 1915 πενταπλάσιον
400 1845 466 1930 ἄρα
490 1846 559 1913 έστὶ
581 1844 620 1912 τὸ
644 1844 710 1913 ἀπὸ
733 1850 793 1932 τής
815 1853 848 1913 Ω
861 1854 898 1913 Ψ
917 1850 980 1914 τοῦ
1005 1844 1074 1914 ἀπὸ
1096 1849 1152 1932 τῆς

131 1960 166 2019 Χ
170 1960 209 2022 Φ.
245 1954 301 2021 καὶ
321 1954 390 2021 ἐπεὶ
409 1957 572 2039 τετραπλῆ
589 1956 679 2021 ἐστιν
693 1950 714 2039 ἡ
729 1955 867 2038 ΑΓτὴς
880 1959 958 2038 ΓΒ,
980 1955 1150 2038 πενταπλῆ

132 2057 198 2146 ἄρα
225 2059 316 2127 ἐστὶν
343 2056 364 2144 ἡ
388 2065 454 2126 AB
481 2063 539 2144 τής
566 2064 637 2127 ΒΓ.
693 2056 739 2138 ὥς
766 2059 804 2127 δὲ
831 2056 853 2145 ἡ
880 2066 946 2125 AB
973 2057 1063 2146 πρὸς
1092 2059 1151 2145 τήν

132 2171 207 2250 ΒΓ,
236 2164 341 2244 οὕτως
368 2164 406 2233 τὸ
437 2163 501 2232 ἀπὸ
529 2169 589 2252 τῆς
616 2173 681 2233 AB
708 2164 792 2253 πρὸς
818 2165 857 2233 τὸ
891 2163 956 2233 ιἰπὸ
987 2176 1048 2252 τής
1076 2173 1151 2234 ΒΛ·

102 2287 107 2293 ’
133 2271 378 2339 πενταπλάσιον
406 2273 472 2356 ἄρα
499 2271 568 2339 έστὶ
595 2270 633 2339 τὸ
664 2269 730 2341 ἀπὸ
754 2276 812 2358 τῆς
835 2279 900 2340 AB
919 2275 980 2340 τοῦ
1004 2269 1074 2340 ἀπὸ
1097 2283 1153 2359 τῆς

79 2397 114 2446 20
133 2382 207 2443 ΒΔ.
253 2379 388 2462 ἐδείχθη
419 2377 456 2443 δὲ
482 2379 538 2445 καί
565 2376 604 2444 τὸ
633 2375 698 2445 ἀπὸ
723 2389 782 2464 τῆς
804 2384 886 2444 ΩΨ
904 2376 1151 2446 πενταπλάσιον

133 2486 194 2548 τοῦ
219 2479 283 2549 ἀπὸ
307 2486 366 2568 τὴς
392 2488 466 2550 ΦΧ.
499 2490 558 2551 καί
579 2487 669 2552 ἐστιν
693 2492 749 2570 ἰση
772 2481 794 2570 ἡ
819 2491 885 2551 ΔΒ
908 2487 948 2571 τή
975 2490 1055 2550 ΦΧ·
1082 2485 1150 2552 ἑκα-

132 2589 211 2674 τέρα
244 2586 308 2674 γὰρ
341 2587 453 2657 αὐτῶν
486 2597 541 2675 ίση
579 2584 648 2658 Ιἐστὶ
684 2601 723 2678 τῇ
756 2593 793 2658 έκ
823 2594 885 2658 τοῦ
911 2590 1062 2682 ,κέντρου
1094 2593 1151 2663 τοῦ.

134 2701 309 2761 ΕΖΗΘΚ
333 2695 474 2763 κύκλου·
502 2704 557 2782 ἰση
586 2695 652 2782 ἄρα
679 2696 735 2763 καὶ
762 2693 784 2783 ἡ
808 2702 873 2763 AB
901 2700 940 2784 τῇ
972 2703 1052 2764 ΨΩ.
1100 2700 1154 2764 καί

135 2803 224 2868 ἐστιν
253 2799 273 2888 ἡ
298 2807 363 2869 ΑΒ
391 2800 411 2889 ἡ
435 2813 493 2889 τῆς
522 2807 681 2889 δοθείσης
704 2809 850 2890 σφαίρας
879 2801 1071 2889 διάμετρος·
1099 2803 1150 2872 καὶ

81 2928 114 2975 25
133 2905 154 2993 ἡ
175 2914 247 2974 ΨΩ
269 2905 335 2993 ἄρα
359 2916 414 2994 ἰση
430 2910 499 2976 ἐστὶ
513 2920 553 2997 τῇ
568 2911 625 2995 τής
640 2912 800 2995 δοθείσης
818 2914 963 2995 σφαίρας
977 2911 1152 3001 διαμέτρῳ.

135 3017 174 3103 τή
200 3012 265 3100 ἄρα
290 3019 431 3103 δοθείση
456 3020 584 3104 σφαίρᾳ
611 3020 838 3101 περιείληπται
865 3012 903 3083 τὸ
928 3016 1152 3104 εἰκοσάεδρον.

203 3121 299 3205 Λέγω
328 3119 386 3206 δή,
417 3119 469 3186 ὅτι
496 3117 517 3206 ἡ
544 3130 605 3188 τοῦ
634 3122 852 3206 εἰκοσαέδρου
879 3119 1007 3207 πλευρὰ
1033 3120 1155 3208 ἄλογός

136 3229 226 3295 ε’στιν
253 3223 275 3312 ἡ
302 3226 491 3313 καλουμένη
520 3226 675 3296 ἐλάττων.
726 3227 794 3295 ἐπεὶ
823 3226 886 3313 γὰρ
910 3226 993 3315 ῥητή
1018 3212 1112 3297 ἐστιν
1134 3225 1154 3315 ἡ

208 3412 232 3459 2.
252 3382 402 3476 H]'supra
421 3423 472 3462 scr.
494 3409 525 3459 Ψ
540 3407 568 3460 b.
642 3411 667 3460 3.
687 3398 759 3460 ὅθεν
779 3407 830 3459 καί
842 3423 867 3474 q.
951 3410 975 3460 7.
994 3402 1043 3478 A']
1069 3414 1107 3475 Ῑὰἳ
1126 3410 1155 3475 Ρ,

136 3481 182 3546 sa}
202 3494 234 3544 q,
254 3495 273 3528 α
292 3477 360 3531 ηεαδ.
380 3477 410 3530 in
429 3498 447 3551 ηι
465 3478 500 3544 V,
519 3497 538 3530 α
556 3477 602 3530 Bb
622 3477 662 3545 (in
680 3477 727 3547 fig.
746 3497 790 3546 ,ας
809 3476 851 3544 Β),
938 3483 963 3531 9.
984 3474 1104 3534 ἔλαττον
1123 3481 1155 3534 V.

208 3541 308 3617 αύτὴς]
328 3543 387 3602 ε’στι
405 3549 438 3617 b,
458 3544 546 3617 αύτής
565 3542 624 3603 ἔστι
642 3548 697 3617 Bq.
788 3543 876 3619 ἔστιν]
897 3563 951 3603 om.
969 3548 1050 3618 Bbq.
