2468 3952
137 202 205 266 234
514 200 715 257 ΣτοιΧΕιιιιι
734 197 784 270 ιβ’.

138 344 205 432 άρα
232 342 252 431 ἡ
280 350 343 411 ΦΑ
370 347 467 432 λοιπῇ
495 347 534 432 τῇ
560 350 621 410 ΧΑ
649 343 739 409 ἐστιν
764 351 832 428 ίση·
861 347 951 411 ἐστιν
975 340 1041 431 άρα
1065 339 1112 423 ῶς
1135 340 1157 430 ἡ

138 458 207 519 ΒΦ
229 450 311 540 πρὸς
332 451 395 536 τὴν
416 457 499 537 ΦΑ,
524 449 629 530 οὕτως
652 447 672 536 ἡ
693 457 765 517 ΚΧ
783 448 867 536 πρὸς
889 449 950 535 τὴν
970 457 1050 516 ΧΑ·
1073 473 1160 539 παρ-

139 559 281 644 άλληλος
304 557 369 643 άρα
393 559 483 625 ἐστὶν
511 556 532 643 ἡ
557 564 626 625 ΧΦ
651 560 690 646 τῇ
715 562 790 623 ΚΒ.
839 557 895 623 καὶ
923 557 993 624 ἐπεὶ
1016 557 1160 644 ἑκατέρα

138 669 208 732 τῶν
232 671 314 748 ΟΦ,
334 671 404 732 ΣΧ
423 661 512 750 ὀρθή
536 667 605 732 ἐστι
628 667 711 751 πρὸς
733 663 771 732 τὸ
795 668 857 732 τού
876 670 1008 731 ΒΓΔΕ
1028 662 1161 732 κύκλου

105 788 121 837 5
141 774 308 856 ἐπίπεδον,
327 770 539 858 παράλληλος
555 770 622 858 άρα
637 771 727 838 ἐστὶν
741 768 762 856 ἡ
779 777 846 838 ΟΦ
858 774 897 858 τῇ
913 776 987 838 ΣΧ.
1018 771 1160 858 ἐδείχθη

140 879 177 946 δέ
201 877 285 967 αὐτῇ
308 879 363 945 καὶ
391 886 461 964 ίση·
487 879 543 945 καὶ
567 868 709 963 αί“ΧΦ,
739 884 806 945 ΣΟ
829 876 894 963 άρα
918 885 987 944 ίσαι
1011 878 1077 944 εἰσὶ
1100 878 1160 945 καὶ

139 986 355 1072 παράλληλοι.
409 986 465 1052 καὶ
497 985 566 1052 ἐπεὶ
598 985 808 1071 παράλληλός
840 988 931 1053 ἐστιν
962 985 983 1070 ἡ
1014 990 1085 1050 ΧΦ
1118 988 1160 1074 τῇ

140 1101 221 1178 ΣΟ,
255 1090 339 1160 άλλά
372 1090 393 1179 ἡ
422 1099 491 1160 ΚΦ
521 1095 561 1181 τῇ
590 1099 656 1159 ΚΒ
689 1095 757 1160 ἐστι
789 1091 1013 1179 παράλληλος,
1045 1092 1103 1158 καὶ
1138 1089 1160 1179 ἡ

140 1207 207 1266 ΣΟ
229 1198 295 1286 άρα
318 1202 357 1287 τῇ
377 1206 444 1266 ΚΒ
467 1202 536 1267 ἐστι
554 1198 775 1285 παράλληλος.
808 1198 862 1264 καλ
882 1197 1160 1283 ἐπιζευγνύουσιν

88 1320 122 1368 10
141 1305 244 1385 αὐτάς
267 1308 304 1371 αἱ
324 1312 402 1390 ΒΟ,
426 1312 511 1372 ΚΣ
539 1303 576 1372 τὸ
600 1311 742 1372 ΚΒΟΣ
762 1303 829 1390 άρα
851 1306 1095 1391 τετράπλευρον
1121 1307 1160 1374 ἐν
1185 1332 1190 1343 ·

140 1413 196 1479 ἑνί
220 1413 311 1478 ἐστιν
339 1411 497 1502 ἐπιπέδῳ,
531 1410 722 1497 ἐπειδήπερ,
751 1409 810 1477 ἐὰν
841 1402 904 1479 ῶσι
933 1411 995 1479 δύο
1024 1407 1161 1480 εὐθεῖαι

47 1592 52 1599 ,
140 1516 363 1603 παράλληλοι,
390 1518 445 1584 καλ
474 1516 527 1605 ἐφ’
558 1517 713 1604 ἑκατέρας
736 1515 848 1584 αύτῶν
870 1519 988 1605 ληφθῇ
1011 1517 1162 1605 τυχόντα

141 1637 275 1711 σημεῖα,
299 1621 320 1710 ἡ
344 1625 396 1692 ἐπλ
419 1621 460 1690 τά
484 1636 603 1710 σημεῖα
626 1624 886 1709 ἐπιζευγνυμένη
909 1621 1026 1692 εύθεῖα
1050 1625 1089 1692 ἐν
1111 1629 1161 1718 τῳ

141 1728 231 1823 αύτῷ
259 1731 402 1822 ἐπιπέδῳ
432 1729 501 1797 ἐστὶ
528 1742 600 1808 ταῖς
628 1729 861 1817 παραλλήλοις.
912 1729 968 1797 διά
999 1727 1041 1797 τά
1070 1728 1160 1799 αύτδι

90 1849 123 1898 15
142 1841 184 1923 δὴ
207 1838 263 1905 καὶ
291 1837 448 1924 ἑκάτερον
475 1841 544 1904 τῶν
566 1842 721 1920 ΣΟΠΤ,
753 1843 888 1904 ΤΠΡΤ
906 1836 1164 1924 τετραπλεύρων

142 1947 179 2012 ἐν
202 1945 257 2012 ἐνί
278 1947 368 2012 ἐστιν
391 1943 544 2030 ἐπιπέδῳ.
586 1947 655 2010 ἐστι
678 1942 716 2010 δὲ
738 1942 794 2009 καὶ
817 1941 854 2010 τὸ
878 1946 969 2020 ΤΡΞ
989 1950 1162 2029 τρίγωνον

142 2054 179 2119 ἐν
207 2051 259 2118 ἑνὶ
287 2050 438 2141 ἐπιπέδῳ.
490 2047 549 2117 ἐάν
576 2048 619 2135 δὴ
647 2049 824 2135 νοήσωμεν
851 2047 915 2116 άπὸ
942 2054 1010 2118 τῶν
1032 2047 1079 2138 Ὀ,
1110 2059 1162 2139 Σ,

142 2165 191 2242 Π,
215 2164 256 2240 Τ,
275 2164 316 2241 Ρ,
340 2165 368 2223 Τ
383 2162 530 2243 σημείων
550 2157 601 2224 ἐπλ
620 2155 658 2224 τὸ
673 2165 705 2223 Α
724 2158 1000 2243 ἐπιζευγνυμένας
1013 2157 1163 2244 εὐθείας,

143 2263 393 2348 συσταθήσεταί
425 2288 457 2329 τι
494 2267 603 2351 σχῆμα
640 2261 776 2348 στερεὸν
812 2263 1002 2350 πολύεδρον
1037 2263 1156 2349 μεταξ“

88 2381 123 2430 20
141 2374 209 2438 τῶν
228 2377 258 2436 Β
263 2372 305 2454 Ξ,
324 2374 359 2434 Κ
362 2370 393 2445 Ξ
412 2371 634 2454 περιφερειῶν
652 2369 689 2434 ἐκ
706 2372 905 2454 πυραμίδων
926 2375 1160 2457 συγκείμενον,

143 2467 191 2544 ῶν
218 2473 332 2561 βάσεις
360 2472 421 2559 μὲν
448 2471 488 2540 τά
518 2479 670 2557 ΚΒΟΣ,
703 2479 859 2559 ΣΟΠΤ,
890 2481 1025 2541 ΤΠΡῬ
1047 2475 1163 2563 τετρά-

142 2591 269 2668 πλευρα
295 2581 351 2647 καὶ
378 2578 416 2648 τὸ
435 2583 527 2655 Pp&
551 2586 733 2669 τρίγωνον,
760 2578 894 2666 κορνῳη
923 2580 960 2647 δὲ
982 2580 1020 2648 τὸ
1045 2590 1078 2648 A
1102 2601 1163 2669 ση-

142 2701 246 2776 μεῖον.
293 2686 353 2755 ἐάν
380 2687 419 2755 δέ
445 2688 500 2754 καὶ
523 2686 576 2754 ἐπὶ
600 2686 738 2772 ἑκάστης
760 2691 829 2755 τῶν
852 2693 936 2777 ΚΛ,
965 2693 1056 2773 ΛΜ,
1086 2695 1166 2757 ME

142 2799 295 2880 πλευρῶν
314 2794 467 2880 καθάπερ
486 2795 538 2862 ἐπὶ
552 2799 611 2880 τῆς
624 2801 693 2861 ΒΚ
704 2791 744 2860 τά
759 2791 844 2861 αύτά
859 2793 1163 2880 κατασκευάσωμεν

90 2911 124 2961 25
142 2902 198 2970 καὶ
221 2906 269 2969 ἐτι
291 2901 344 2968 ἐπὶ
367 2906 435 2969 τῶν
459 2904 587 2968 λοιπῶν
609 2903 713 2986 τριῶν
735 2905 1014 2987 τεταρτημορίων,
1040 2918 1163 2968 συστα-

141 3007 287 3094 θήσεταί
310 3034 344 3075 τι
373 3012 482 3095 σχῆμα
510 3004 702 3092 πολύεδρον
730 3006 998 3092 ἐγγεγραμμένον
1026 3011 1073 3086 είς
1096 3010 1162 3094 την

141 3128 289 3203 σφαῖραν
317 3120 479 3201 πυραμίσι
507 3111 768 3203 περιεχόμενον,λ
791 3103 839 3179 ῶν
863 3111 978 3198 βάσεις
1001 3113 1090 3199 [μὲν]
1117 3113 1159 3182 τά

216 3315 240 3365 1.
259 3311 292 3382 τῇ
311 3309 393 3380 λοιπῇ
412 3308 445 3379 τῇ
464 3325 491 3375 q.
574 3312 599 3362 λ.
619 3307 684 3377 ΒΦ]
704 3323 719 3361 e
738 3323 807 3362 corr.
826 3307 852 3361 V
871 3325 908 3363 m.
927 3314 952 3362 2.
1035 3312 1061 3362 4.
1081 3302 1159 3362 ἐστιν

142 3377 174 3432 P.
257 3387 282 3435 6.
301 3381 365 3452 καί]
385 3378 457 3448 (αλλ.)
476 3397 531 3434 om.
550 3396 577 3446 q.
659 3378 727 3449 ΣΟ]
749 3379 873 3433 Οοαοο.
891 3377 921 3434 Ρ.
1009 3377 1079 3432 εἰσίν
1098 3378 1193 3437 ΡΒ..

216 3456 240 3505 7.
261 3447 348 3522 ἐστιν]
368 3471 408 3505 -ιν
427 3451 457 3504 in
475 3467 529 3506 ras.
549 3449 583 3516 V,
603 3466 657 3505 om.
677 3467 703 3517 q.
777 3451 835 3502 ΦΧ
850 3449 882 3505 Ρ.
955 3456 979 3505 8.
999 3453 1028 3502 X
1032 3451 1067 3521 Φ]
1088 3466 1160 3505 corr.

143 3518 389 3576 inoXm.1V.
482 3525 524 3575 10.
544 3520 671 3591 ΚΒΟΣ]
692 3522 808 3576 ΒΟΚΣ
824 3519 857 3576 V.
950 3526 992 3575 11.
1012 3513 1080 3575 ῶσιν
1098 3521 1160 3576 ΡΒ.

81 3570 164 3704 ἱ
