2468 3952
133 207 197 271 182
501 208 702 262 Συουεαιαα
721 204 771 279 ιμ’.

130 349 194 416 καὶ
218 339 272 415 ώυ
300 352 535 437 πυραμίδων
562 348 784 436 τριγώνους
811 349 947 434 βάσεις
971 347 1150 433 ἐχουσῶν

131 454 480 523 ἀντιπεπόνθασιν
513 458 555 522 αί
584 455 726 541 βάσεις
757 467 841 533 τοῖς
868 452 1030 539 ὕψεσιν,
1064 462 1150 521 ἶσαι

132 563 235 628 είσλν
259 564 419 628 ἐκεῖναι.

188 667 363 736 Ἔστωσαν
399 665 463 755 γάρ
501 676 570 734 ίσαι
603 671 786 754 πυραμίδες
818 666 1002 754 τριγώνους
1035 665 1151 752 βάσεις

95 779 266 862 σέχουσαι
294 773 352 854 τδις
375 780 484 858 ΑΒΓ,
514 781 629 858 ΔΕΖ,
657 776 809 861 κορυφάς
837 772 874 841 δὲ
896 773 937 841 τδι
960 780 1010 858 Η,
1040 780 1069 841 Θ
1093 792 1149 859 ση-

130 895 219 967 μεῖα·
243 882 339 967 λέγω,
359 881 410 949 ὅτι
429 891 497 948 τών
516 886 671 966 ΑΒΓΗ,
688 887 822 949 ΔΕΖΘ
840 883 1039 968 πυραμίδων
1059 876 1148 948 άντι-

130 988 343 1055 πεπόνδασιν
375 990 413 1053 αἱ
442 986 556 1073 βάσεις
582 999 652 1065 τοῖς
679 985 817 1073 ὕψεσιν,
850 991 909 1055 καί
934 989 1025 1054 ἐστιν
1054 984 1101 1067 ώς
1128 985 1149 1073 ἡ

130 1098 234 1161 ΑΒΓ
259 1094 356 1178 βάσις
386 1091 470 1178 πρὸς
502 1091 564 1179 τὴν
598 1101 699 1160 ΔΕΖ
730 1091 846 1179 βάσιν,
882 1090 990 1173 οὕτως
1018 1091 1058 1162 τὸ
1090 1104 1150 1181 τῆς

131 1206 268 1267 ΔΕΖΘ
295 1204 482 1286 πυραμίδος
508 1200 594 1280 ὕψος
621 1197 706 1288 πρὸς
732 1197 770 1266 τδ
799 1203 857 1286 τῆς
880 1206 1025 1268 ΑΒΓΗ
1043 1224 1148 1288 πυρα-

80 1325 112 1372 10
131 1309 228 1392 μίδος
251 1305 345 1385 ὕψος.

197 1409 508 1496 Συμπεπληρώσθω
531 1408 595 1496 γάρ
618 1411 659 1477 τά
680 1416 845 1496 ΒΗΜΛ,
870 1418 1007 1479 ΕΘΠΟ
1030 1409 1149 1499 στερεά

130 1521 451 1603 παραλληλεπίπεδα.
497 1516 553 1584 καὶ
583 1517 653 1584 ἐπεὶ
681 1525 737 1603 ίση
765 1517 857 1585 ἐστὶν
882 1515 904 1602 ἡ
928 1523 1073 1585 ΑΒΓΗ
1090 1541 1150 1586 πυ·
1197 1578 1204 1594 ,

131 1623 227 1711 ραμδς
249 1626 289 1710 τῇ
314 1631 448 1691 ΔΕΖΘ
469 1627 647 1712 πυραμίδι,
672 1629 732 1690 καί
751 1625 820 1691 ἐστι
843 1627 902 1711 τῆς
924 1624 986 1711 μὲν
1009 1631 1155 1692 ΑΒΓΗ

130 1733 318 1816 πυραμίδος
350 1730 551 1810 ἑξαπλάσιον
583 1727 621 1797 τδ
650 1736 802 1796 ΒΗΜΛ
835 1728 985 1814 στερεόν,
1016 1733 1078 1815 τῆς
1111 1729 1149 1801 δὲ

81 1856 112 1902 15
133 1844 270 1904 ΔΕΖΘ
306 1839 493 1923 πυραμίδος
525 1836 725 1917 ἑξαπλάσιον
757 1835 794 1903 τὸ
829 1842 967 1903 ΕΘΠΟ
999 1835 1149 1924 στερεόν,

132 1951 207 2010 ίσου
227 1941 292 2030 άρα
312 1941 381 2010 ἐστὶ
400 1939 437 2009 τδ
457 1948 607 2009 ΒΗΜΛ
632 1939 767 2026 στερεὸν
789 1945 835 2033 τῷ
857 1948 997 2009 ΕΘΠΟ
1016 1946 1150 2031 στερεῷ.
1169 1982 1193 2045 Ἰ

130 2053 198 2116 τών
227 2048 264 2116 δὲ
292 2056 375 2116 ἴσων
409 2051 553 2134 στερεῶν
583 2049 924 2135 παραλληλεπιπέδων
952 2045 1151 2116 άντιπεπόν·

131 2163 235 2221 δασιν
267 2156 304 2220 αί
329 2154 444 2240 βάσεις
472 2168 542 2234 τοῖς
569 2155 704 2234 ὕψεσιν·
737 2159 827 2221 ἔστιν
861 2152 925 2241 άρα
953 2152 998 2233 ώς
1025 2151 1047 2241 ἡ
1076 2162 1155 2223 ΒΜ

132 2259 229 2344 βάσις
261 2259 343 2347 πρὸς
375 2260 437 2346 τὴν
466 2269 536 2328 ΕΠ
563 2262 681 2346 βάσιν,
715 2259 821 2340 οὕτως
852 2260 890 2328 τὸ
922 2264 982 2329 τοῦ
1010 2268 1150 2330 ΕΘΠΟ

79 2385 113 2433 20
133 2369 269 2449 στερεοῦ
305 2365 391 2444 ὕψος
424 2364 508 2453 πρὸς
539 2363 576 2434 τδ
610 2368 670 2433 τοῦ
702 2372 852 2432 ΒΗΜΛ
885 2371 1021 2455 στερεοῦ
1054 2367 1152 2449 ὕψος.

132 2469 206 2538 ἀλλ’
248 2469 293 2551 ώς
328 2469 348 2557 ἡ
386 2478 467 2538 ΒΜ
492 2470 590 2557 βάσις
625 2470 708 2558 πρὸς
744 2470 806 2559 τὴν
839 2478 924 2559 ΕΠ,
966 2473 1075 2553 οὕτως
1110 2474 1150 2542 τδ

133 2583 236 2644 ΑΒΓ
264 2583 431 2663 τρίγωνον
466 2576 550 2662 πρὸς
581 2576 618 2645 τδ
654 2585 754 2646 ΔΕΖ
787 2575 962 2664 τρίγωνον.
1012 2581 1069 2648 καὶ
1105 2577 1153 2662 ώς

133 2681 197 2766 άρα
220 2680 258 2750 τὸ
284 2689 386 2750 ΑΒΓ
404 2688 571 2768 τρίγωνον
593 2681 676 2769 πρὸς
698 2682 736 2752 τδ
762 2691 863 2751 ΔΕΖ
885 2690 1065 2772 τρίγωνον,
1095 2686 1151 2755 οὕ-

133 2813 196 2867 τως
219 2787 256 2856 τδ
280 2792 341 2856 τοῦ
356 2795 495 2856 ΕΘΠΟ
514 2794 651 2878 στερεοῦ
669 2790 755 2871 ὕψος
773 2790 857 2878 πρὸς
875 2791 912 2859 τὸ
928 2795 987 2858 τοῦ
1003 2798 1152 2861 ΒΗΜΛ

80 2914 114 2963 25
134 2898 272 2978 στερεοῦ
308 2896 403 2976 ὕψος.
458 2893 543 2963 άλλδι
580 2896 618 2964 τὸ
650 2896 711 2984 μὲν
743 2902 805 2966 τοῦ
838 2904 975 2965 ΕΘΠΟ
1012 2904 1155 2987 στερεοῦ

133 3001 219 3081 ὕψος
246 3000 283 3070 τὸ
313 3000 395 3070 αὐτό
424 3003 493 3070 ἐστι
520 3006 565 3094 τῷ
597 3007 655 3090 τῆς
683 3011 818 3072 ΔΕΖΘ
844 3008 1033 3092 πυραμίδος
1059 3005 1152 3093 ὕψει,

133 3108 170 3175 τὸ
204 3107 241 3176 δὲ
273 3111 334 3175 τοῦ
362 3114 511 3175 ΒΗΜΛ
543 3113 678 3193 στερεοῦ
711 3110 798 3189 ὕψος
830 3109 867 3178 τὸ
898 3107 979 3179 αὐτό
1007 3112 1077 3179 ἐστι
1105 3123 1153 3205 τῷ

133 3218 190 3299 τῆς
219 3218 358 3280 ΑΒΓΗ
384 3217 571 3301 πυραμίδος
597 3215 691 3295 ὕψει·
722 3220 812 3282 ἔστιν
840 3214 905 3301 άρα
933 3212 978 3296 ὡς
1005 3213 1026 3302 ἡ
1050 3225 1160 3286 ΑΒΓ

206 3467 230 3514 2.
250 3463 309 3516 ίοαι
328 3461 411 3533 είσίν]
432 3479 487 3530 mg.
507 3479 543 3517 m.
565 3467 579 3514 1
599 3467 696 3532 postea
715 3463 779 3519 add.
798 3465 833 3531 1³3
860 3466 907 3518 ίσα
926 3466 1007 3532 (corr.
1026 3484 1063 3522 m.
1083 3470 1154 3538 τοο.)

135 3526 210 3586 ἐστίν
228 3530 263 3585 V.
336 3538 361 3589 3.
382 3528 479 3587 ἐκεῖνα
497 3533 531 3601 V,
551 3550 620 3588 corr.
638 3551 676 3588 m.
695 3550 750 3589 rec.
823 3542 848 3588 4.
868 3535 939 3606 ίσαι]
960 3552 1012 3592 om.
1032 3556 1059 3608 q.
