2468 3952
501 201 683 252 Αεοουουτ
700 201 736 254 11.
1060 199 1125 266 395

106 364 204 425 ρηται
230 337 295 426 άρα
317 338 338 426 ἡ
358 345 492 406 ΑΒΓΔ
514 342 659 428 πυραμὶς
682 346 729 422 είς
752 341 814 409 δύο
839 345 1028 429 πυραμίδας
1051 349 1126 422 ίσας

108 442 268 531 ἀλλήλαις
290 447 346 514 καὶ
369 443 487 532 ὁμοίας
509 450 550 536 τή
574 446 644 536 ὅλῃ.

175 553 260 637 λέγω
285 553 344 640 δή,
369 552 420 621 ὅτι
443 553 497 620 καὶ
523 558 570 633 είς
593 553 656 622 δύο
679 559 847 641 πρίσματα
872 561 936 622 ίσα.
974 554 1042 621 ἐπεὶ
1060 552 1125 639 γάρ

108 665 165 744 ίση
195 659 285 726 ἐστὶν
312 656 333 745 ἡ
357 666 425 726 BA
452 663 491 749 τῇ
517 667 595 746 ΛΓ,
625 659 803 729 διπλάσιόν
832 659 960 728 ἐστιτὰ
986 666 1124 727 ΕΗΛΒ

107 765 457 852 παραλληλόγραμμον
479 770 540 834 τοῦ
559 773 599 834 Η
600 773 668 834 ΛΓ
685 767 861 854 τριγώνου.
900 768 956 834 καὶ
980 768 1050 834 ἐπεὶ
1074 766 1126 833 δέ·

107 877 250 956 δεικται,
284 870 353 958 ὅτι,
382 871 442 940 ἐάν
470 872 534 940 δύο
562 880 729 959 πρίσματα
756 871 822 941 ὑπὸ
850 876 888 941 τὸ
917 871 999 941 αὐτὸ
1028 871 1124 958 ὕψος,

107 978 164 1046 καὶ
187 977 226 1047 τὸ
249 978 310 1065 μὲν
334 983 401 1065 ἔχει
424 979 526 1063 βάσιν
548 979 911 1066 παραλληλόγραμμον,
934 978 972 1047 τὸ
998 980 1036 1047 δὲ
1057 984 1125 1066 τρί-

108 1112 232 1172 γωνον,
255 1077 276 1174 ᾖ
301 1085 338 1153 δὲ
357 1085 536 1154 διπλάσιον
555 1085 593 1154 τὸ
613 1085 961 1173 παραλληλόγραμμον
979 1089 1040 1153 τοῦ
1058 1110 1124 1172 τρι-

109 1191 234 1278 γώνου,
254 1200 311 1258 ίσα
330 1196 420 1259 ἔσται
439 1190 479 1259 τά
498 1197 676 1279 πρίσματα,
695 1192 733 1259 τὸ
754 1191 819 1280 άρα
837 1199 963 1280 πρίσμα
982 1191 1020 1261 τὸ
1035 1214 1123 1277 περι-

107 1297 269 1386 εχόμενον
298 1296 363 1367 ὑπὸ
393 1297 456 1367 δύο
485 1298 546 1384 μὲν
569 1298 744 1385 τριγώνων
772 1304 839 1368 τών
863 1307 976 1386 ΘΒΛ,
1005 1303 1123 1383 ΕΖΗ,

107 1408 211 1491 τριῶν
249 1404 286 1472 δὲ
322 1404 679 1492 παραλληλογράμμων
715 1416 776 1473 τοῦ
811 1413 940 1473 ΕΒΖΘ
976 1407 1030 1474 καὶ
1063 1409 1124 1476 τοῦ

107 1517 252 1578 ΕΒΛΗ
275 1513 331 1579 καὶ
359 1516 407 1578 ἔτι
434 1514 495 1579 τοῦ
525 1518 666 1579 ΖΘΛΗ
694 1519 770 1578 ἴσον
799 1511 866 1580 ἐστὶ
893 1517 938 1604 τῷ
966 1519 1123 1600 πρίσματι

107 1621 150 1707 τῷ
186 1619 408 1709 περιεχομένῳ
440 1615 507 1685 ὑπὸ
536 1619 599 1685 δύο
627 1617 689 1704 μὲν
716 1617 891 1705 τριγώνων
918 1623 987 1686 τών
1010 1624 1124 1703 ΗΓΛ,

107 1729 222 1808 ΖΘΚ,
263 1727 368 1811 τριών
406 1724 442 1791 δὲ
480 1724 836 1812 παραλληλογράμμων
871 1727 940 1792 τών
977 1730 1137 1809 ΚΖΗΓ,

107 1835 256 1916 ΛΓΘΚ,
291 1837 435 1898 ΖΗΛΘ.
486 1829 640 1918 διήρηται
674 1828 739 1919 άρα
771 1829 792 1917 ή
819 1837 953 1899 ΑΒΓΔ
980 1830 1125 1918 πυραμὶς

106 1946 153 2017 είς
185 1962 220 2003 τε
252 1936 317 2004 δύο
348 1941 537 2024 πυραμίδας
569 1945 643 2016 ίσας
671 1935 830 2023 ἀλλήλαις
856 1937 912 2006 καὶ
940 1936 1057 2023 ὁμοίας
1083 1942 1123 2025 τῇ

107 2042 167 2132 ὅλῃ
196 2043 251 2110 καὶ
280 2047 327 2123 είς
355 2043 418 2111 δύο
441 2048 609 2130 πρίσματα
637 2051 709 2127 ίσα,
736 2044 791 2111 καὶ
816 2043 980 2130 φανερόν,
1009 2041 1060 2110 ὅτι
1083 2042 1123 2111 τά

109 2149 171 2218 δύο
200 2154 365 2236 πρίσματα
394 2157 449 2215 ίσυ
478 2149 569 2216 ἐστὶν
598 2143 617 2234 ἢ
644 2147 683 2216 τὸ
708 2147 811 2236 ήμισυ
837 2153 896 2235 τῆς
919 2150 999 2236 ὅλης
1022 2173 1124 2236 πυρα-

110 2261 207 2342 μίδος
230 2284 279 2323 :-

171 2464 250 2535 Ἐάν
275 2459 337 2536 ώσι
361 2467 423 2535 δύο
447 2472 631 2554 πυραμίδες
654 2465 718 2536 ὑπὸ
742 2466 780 2536 τὸ
805 2465 888 2536 αὐτὸ
912 2467 998 2550 ὕψος
1022 2462 1121 2539 οὖσαι
1142 2479 1159 2527 4

105 2575 161 2642 καὶ
193 2575 379 2660 τριγώνους
409 2579 544 2661 ἔχουσαι
572 2575 701 2660 βάσεις,
735 2578 892 2664 διαιρεθῇ
922 2576 959 2644 δὲ
986 2577 1124 2665 ἑκατέρα

108 2679 222 2749 αὐτῶν
246 2689 292 2761 είς
314 2707 349 2748 τε
369 2679 432 2749 δύο
451 2684 639 2768 πυραμίδας
663 2690 736 2761 ἴσας
754 2678 914 2768 ἀλλήλαις
931 2683 986 2750 καὶ
1007 2680 1124 2770 ὁμοίας

107 2792 146 2876 τῇ
172 2788 232 2875 ὅλη
252 2787 307 2854 καὶ
327 2791 375 2866 είς
392 2786 455 2856 δύο
474 2794 641 2877 πρίσματα
661 2796 735 2874 ίσα,
759 2792 850 2856 ἔσται
870 2786 916 2868 ώς
933 2785 953 2875 ή
968 2791 1027 2875 τής
1045 2792 1124 2874 μιάς

107 2897 295 2981 πυραμίδος
313 2893 410 2980 βάσις
428 2892 511 2979 πρὸς
528 2893 591 2981 τήν
608 2899 666 2980 τής
684 2895 797 2984 ἑτέρας
809 2898 997 2981 πυραμίδος
1010 2893 1123 2979 βάσιν,

107 3000 213 3079 οὕτως
239 2999 279 3067 τά
309 3001 346 3068 ἐν
373 3004 413 3088 τῇ
442 3005 501 3088 μιᾷ
531 3003 697 3087 πυραμίδι
718 3005 886 3087 πρίσματα
908 3001 1018 3069 πάντα
1040 2998 1123 3087 πρὸς

105 3105 144 3174 τά
175 3108 211 3174 ἐν
238 3110 278 3193 τή
307 3106 403 3196 ἑτέρᾳ
430 3110 593 3194 πυραμίδι
619 3111 787 3194 πρίσματα
809 3105 920 3175 πάντα
944 3110 1122 3192 ἰσοπληθῆ.

172 3217 321 3280 ἔστωσαν
350 3211 413 3281 δύο
441 3215 625 3300 πυραμίδες
652 3210 716 3280 ὑπὸ
746 3211 783 3280 τὸ
807 3211 889 3282 αὐτὸ
912 3210 1000 3294 ὕψος
1023 3205 1123 3280 οὖσαι

105 3320 160 3387 καὶ
184 3318 370 3407 τριγώνους
392 3324 528 3406 ἔχουσαι
552 3320 666 3404 βάσεις
687 3322 747 3400 τάς
769 3325 883 3406 ΑΒΓ,
911 3321 1037 3404 ΜΝΞ,
1067 3345 1122 3387 ιιο-

106 3424 216 3511 ρυφάς
248 3425 286 3493 δὲ
318 3424 358 3492 τά
388 3434 438 3512 A,
473 3432 501 3492 0
528 3438 662 3512 σημεῖα,
694 3424 750 3494 καὶ
781 3425 956 3514 διῃρήσθω
985 3425 1122 3514 ἑκατέρα

105 3526 217 3596 αὐτῶν
241 3539 289 3610 είς
311 3557 345 3598 τε
365 3531 427 3599 δύο
446 3536 636 3619 πυραμίδας
660 3539 734 3613 ἴσας
752 3527 911 3618 άλλήλαις
928 3533 983 3600 καὶ
1003 3529 1120 3619 ὁμοίας
