2468 3952
124 199 169 264 24
496 199 697 251 ΣΤΟΙΧΕΙΩΝ
716 193 767 253 ια’.

125 342 348 431 παραλλήλων
382 340 473 409 ἐστὶν
506 341 648 430 ἐπιπέδῳ
682 336 702 425 ή
731 337 795 406 ἆπδ
824 349 885 407 τοῦ
914 346 945 406 Ε
971 339 1025 406 ἐπὶ
1051 337 1090 407 τὸ
1116 347 1143 406 Ζ

126 449 382 534 ἐπιζευγνυμένη
406 445 532 515 εὐθεῖα.

190 553 269 622 Ἐδιυ
293 553 359 642 ἄρα
382 547 445 622 οἷσι
469 553 531 621 δύο
556 549 687 620 εὐθεῖαι
710 552 932 639 παράλληλοι,
963 557 1080 639 ληφθῇ
1106 552 1144 620 δὲ

126 660 180 749 ἐφ’
207 662 363 745 ἑκατέρας
386 653 497 725 αὐτῶν
520 655 664 742 τυχόντα
688 669 818 743 σημεῖα,
842 652 862 743 ή
887 656 939 723 ἐπὶ
962 655 1003 722 τὰ
1023 670 1143 743 σημεία

91 786 106 835 5
129 766 385 853 ἐπιζευγνυμένη
414 761 532 831 εὐθεῖα
561 764 597 830 έν
619 765 665 854 τῷ
694 760 784 853 αὐτῷ
813 763 956 851 ἐπιπέδῳ
981 763 1049 830 ἐστὶ
1072 777 1144 844 ταῖς

127 873 364 960 παραλλήλοις·
389 868 470 956 ὑπερ
494 873 562 936 ἔδει
587 870 701 949 δεῖξαι.

612 1073 657 1131 η.

190 1171 280 1241 ’Βάν
318 1162 389 1238 ὦσι
426 1168 497 1238 δύο
536 1166 696 1237 εὑθείαι
732 1168 997 1255 παράλληλοι,
1038 1168 1059 1256 ἡ
1100 1171 1144 1239 δὲ

127 1281 244 1367 ἑτέρα
273 1274 403 1346 αὑτῶν
426 1278 598 1368 ἐπιπέδῳ
626 1275 707 1343 τινὶ
734 1274 833 1361 πρὸς
861 1273 986 1363 ὀρθὰς
1007 1266 1044 1364 ᾖ,
1077 1277 1144 1344 καλ

76 1384 150 1473 1οή
174 1382 293 1470 λοιπή
317 1388 366 1476 τῳ
391 1381 495 1475 αὐτῷ
520 1383 689 1473 ἐπιπέδῳ
713 1379 809 1468 πρδς
832 1379 957 1469 ὀρθὰς
981 1386 1100 1451 ἔσται.

183 1491 359 1559 Ἔστωσαν
393 1488 455 1557 δύο
485 1486 618 1556 εὐθεῖαι
651 1488 858 1575 παράλληλοι
888 1492 927 1555 αλ
950 1495 1034 1573 ΑΒ,
1062 1494 1144 1572 ΓΔ,

126 1597 146 1685 ή
180 1597 217 1666 δέ
249 1598 344 1684 ἑτέρα
377 1593 490 1662 αὐτῶν
522 1591 542 1679 ἡ
576 1600 641 1660 ΑΒ
681 1598 727 1686 τῳ
760 1591 968 1685 ὑποκειμένῳ
1001 1595 1144 1684 ἐπιπέδῳ

126 1701 209 1791 πρὸς
232 1699 340 1789 ὀρθὰς
368 1705 464 1769 ἔστω·
492 1702 593 1785 λέγω,
624 1697 674 1767 ὅτι
701 1707 757 1767 καί
785 1699 806 1786 ή
836 1698 935 1787 λοιπή
964 1697 984 1786 ή
1009 1705 1076 1767 ΓΔ
1098 1704 1145 1791 τῷ

127 1807 217 1901 αὐτῷ
241 1809 385 1900 ἐπιπέδῳ
408 1805 493 1895 πρὸς
516 1804 623 1893 ὀρθὰς
646 1810 746 1874 ἔσται.

77 1936 108 1984 15
195 1917 486 2002 Συμβαλλέτωσαν
513 1911 578 2000 γὰρ
604 1916 640 1980 αλ
660 1921 748 1999 ΑΒ,
771 1920 838 1982 ΓΔ
867 1917 913 2002 τῷ
936 1910 1145 2004 ὑποκειμένῳ

126 2018 269 2111 ἐπιπέδῳ
292 2019 375 2088 κατὰ
398 2018 438 2087 τδι
458 2027 503 2105 Β,
527 2029 560 2087 Δ
579 2033 714 2106 σημεῖα,
737 2018 793 2085 καὶ
817 2016 1003 2105 ἐπεζεύχθω
1023 2015 1044 2105 ή
1064 2027 1146 2086 ΒΔ·

127 2131 165 2194 αλ
189 2134 270 2212 ΑΒ,
299 2132 379 2213 ΓΔ,
408 2135 477 2194 ΒΔ
504 2125 569 2214 ἄρα
593 2128 630 2193 ἐν
659 2127 712 2193 ἑνί
737 2129 824 2192 εἰσιν
849 2126 1002 2216 ἐπιπέδῳ.
1048 2124 1144 2212 ήχθω

126 2237 166 2320 τή
186 2239 254 2299 ΒΑ
276 2232 361 2319 πρὸς
384 2229 493 2319 ὀρθὰς
516 2232 554 2297 ἐν
571 2235 617 2323 τῳ
636 2228 844 2322 ὑποκειμένῳ
864 2231 1007 2323 ἐπιπέδῳ
1027 2228 1047 2318 ή
1064 2239 1147 2314 ΔΕ,

126 2338 182 2405 καὶ
204 2344 331 2405 κείσθω
355 2340 394 2424 τῇ
417 2343 489 2403 ΑΒ
513 2344 569 2423 ίση
592 2334 613 2422 ή
639 2343 723 2421 ΔΕ,
750 2337 806 2404 καὶ
834 2333 1088 2424 ἐπεζεύχθωσαν
1111 2340 1149 2403 αί

74 2468 108 2516 20
126 2452 209 2529 ΒΕ,
233 2451 317 2528 ΑΕ,
340 2449 421 2510 ΑΔ.
466 2442 522 2508 καλ
550 2442 620 2509 ἐπεὶ
648 2440 668 2528 ἡ
693 2450 760 2510 ΑΒ
785 2440 874 2531 ὀρθή
902 2445 971 2511 ἐστι
999 2441 1083 2530 πρὸς
1106 2441 1144 2511 τδ

126 2547 351 2637 ὑποκείμενον
374 2550 544 2633 ἐπίπεδον,
566 2548 622 2615 καὶ
646 2547 728 2636 πρὸς
751 2549 859 2629 πάσας
881 2547 948 2637 ἄρα
966 2548 1025 2629 τὰς
1048 2546 1148 2618 ἅπτο-

127 2656 229 2743 μένας
251 2654 354 2740 αὑτής
376 2650 512 2733 εὐθείας
533 2653 589 2720 καὶ
609 2652 713 2733 οὔσας
732 2658 768 2721 έν
787 2656 839 2746 τῳ
851 2652 1058 2746 ὑποκειμένῳ
1079 2658 1147 2723 ἐπι-

127 2762 217 2850 πέδῳ
241 2758 324 2848 πρὸς
347 2756 455 2848 ὀρθολς
477 2762 569 2828 ἐστιν
592 2757 612 2847 ή
632 2769 711 2828 AB·
736 2759 824 2848 ὀρθή
849 2760 915 2849 ἄρα
935 2762 1053 2846 [ἐστίν]
1074 2763 1147 2829 ἕκα-

126 2868 205 2955 τέρα
237 2870 307 2933 τῶν
338 2862 403 2933 ὑπὸ
432 2873 556 2952 ΑΒΔ,
589 2874 694 2934 ΑΒΕ
723 2871 868 2953 γωνιῶν.
918 2868 974 2934 καὶ
1003 2868 1073 2935 ἐπεὶ
1100 2872 1149 2947 είς

75 2997 108 3046 25
127 2972 362 3063 παραλλήλους
385 2969 444 3051 τὰς
457 2980 541 3058 ΑΒ,
555 2979 628 3041 ΓΔ
651 2972 769 3041 εὑθεία
792 2974 1002 3060 ἐμπέπτωκεν
1025 2972 1148 3065 ήΒΔή,

127 3083 165 3148 αί
191 3079 257 3168 ἄρα
287 3076 353 3147 ὑπὸ
377 3086 500 3164 ΑΒΔ,
529 3085 628 3147 ΓΔΒ
657 3085 778 3165 γωνίαι
806 3080 906 3147 δυσὶν
930 3078 1053 3166 ὀρθαῖς
1077 3087 1148 3147 ίσαι

127 3192 222 3255 είσίν.
270 3182 358 3272 ὀρθή
393 3185 431 3253 δέ
458 3184 479 3273 ή
507 3184 573 3254 ὑπὸ
601 3193 719 3254 ΑΒΔ·
748 3183 837 3273 ὀρθὴ
867 3184 933 3276 ἄρα
955 3187 1010 3254 καλ
1034 3183 1055 3272 ή
1078 3183 1145 3254 ὑπὸ

128 3300 246 3360 ΓΔΒ·
277 3287 297 3376 ή
328 3297 395 3358 ΓΔ
424 3290 490 3379 ἄρα
517 3291 599 3380 πρὸς
627 3292 690 3378 τήν
720 3300 789 3360 ΒΔ
816 3290 904 3379 ὀρθή
938 3295 1038 3362 ἐστιν.
1090 3293 1148 3359 καλ

200 3457 225 3504 3.
245 3440 312 3504 ὦσιν
331 3450 390 3504 ΡΒ.
464 3456 489 3506 8.
510 3445 577 3507 ὦσιν
595 3451 653 3506 ΡΒ.
726 3444 990 3522 ήδῆήδὲήλλ.
1071 3459 1096 3508 9.
1116 3443 1148 3524 ᾖ]

128 3539 182 3576 om.
198 3523 232 3577 V.
292 3526 334 3575 10.
355 3517 425 3593 πρὸς
439 3517 532 3593 ὀρθὰς
547 3521 625 3617 ἐσται
639 3523 676 3596 τῷ
691 3517 768 3595 αὑτῷ
785 3519 910 3612 ἐπιπέδῳ
925 3525 951 3579 b.
1017 3525 1149 3579 12.Ante
