2468 3952
352 202 628 254 sanmuroauu
645 202 755 254 musa
772 203 833 257 mr.
1016 188 1102 267 '213

86 341 170 410 ΒΔ3
183 368 191 408 :
206 341 299 410 Zdl.
346 349 379 409 ed
401 348 439 408 ul
460 366 560 409 unum
582 344 844 427 praecedentium
869 345 910 409 ad
934 369 1033 411 unum
1049 335 1105 412 ‘se-

84 452 263 535 queniium,
285 451 332 515 ita
355 451 464 516 omnia
487 451 713 534 praecedentia
737 451 778 516 ad
801 452 911 517 omnia
934 454 1103 538 sequentia

86 557 141 642 [V,
166 559 232 639 12].
268 561 319 622 esi
341 558 442 641 igitur
464 561 501 621 ul
523 561 660 622 ΒΚΤΛ
675 581 682 620 :
698 561 858 636 ΖΜΟΝ,
881 559 929 622 ita
951 563 1023 623 lota
1045 582 1101 643 py-

84 663 199 745 ramis,
235 662 326 728 ouius
359 663 449 727 basis
482 667 532 727 est
567 663 769 747 polygonum
802 668 1102 750 ΑΤΒΥΓΦΔΧ,
1159 739 1163 745 .

85 774 198 835 uertex
222 773 331 834 autem
351 773 381 833 A
404 773 568 852 punoium,
592 770 631 834 ad
650 774 755 835 iotam
773 770 986 855 pyramidem,
1010 771 1101 837 ouius

85 876 175 941 basis
198 880 249 940 esi
270 876 471 961 polygonum
486 879 781 959 ΕΟΖΠΗΡΘΣ,
804 880 917 941 uertex
939 879 1047 942 autem
1068 881 1107 942 N

84 987 251 1066 punctum.
320 1003 419 1067 quare
457 981 557 1046 etiam
593 982 753 1066 pyramis,
796 983 886 1047 ouius
926 984 1016 1048 basis
1053 987 1104 1050 est

86 1092 186 1153 ΑΤΒ
193 1091 382 1170 rPoAX,
396 1093 511 1152 uertex
530 1091 638 1152 autem
654 1093 698 1172 A,
717 1089 758 1154 ad
777 1090 993 1174 pyramidem,
1011 1091 1102 1156 ouius

84 1195 175 1260 basis
199 1199 249 1259 est
271 1194 474 1278 polygonum
493 1198 785 1280 ΕΟΖΠΗΡΘΣ,
808 1200 921 1260 uertex
940 1201 1049 1261 autem
1068 1202 1108 1262 N

85 1306 251 1384 punctum,
275 1322 346 1365 eam
369 1301 527 1365 rationem
547 1301 648 1365 habet
666 1323 764 1385 quam
783 1299 868 1366 ΒΔ8
882 1327 890 1366 :
905 1299 991 1367 Zdl3.
1029 1326 1103 1387 sup-

84 1407 253 1490 posuimus
274 1411 392 1491 auiem,
416 1408 514 1471 eliam
534 1429 660 1490 conum,
684 1407 775 1472 ouius
793 1409 882 1474 basis
901 1409 945 1474 sii
964 1411 1102 1477 oiroulus

86 1516 232 1596 ΑΒΓΔ,
254 1516 368 1577 uertex
390 1516 498 1577 autem
520 1517 551 1576 A
574 1517 738 1597 punctum,
762 1514 803 1577 ad
820 1513 851 1587 Ξ
871 1515 1010 1581 solidum
1031 1540 1103 1583 eam

86 1618 248 1683 rationem
271 1619 393 1684 habere
416 1641 514 1703 quam
538 1617 641 1683 321³:
657 1617 744 1684 zo³.
795 1619 906 1704 itaque
930 1626 967 1686 ut
990 1645 1102 1707 oenus,

86 1726 177 1793 euius
200 1726 288 1790 basis
312 1730 363 1790 esi
384 1730 528 1790 ΑΒΓΔ
546 1726 698 1811 eiroulus,
722 1730 835 1791 uertex
858 1730 967 1791 aulem
992 1731 1038 1812 A,
1062 1728 1103 1793 ad

86 1832 117 1907 Ξ
134 1831 282 1915 solidum,
299 1834 347 1898 iia
364 1833 520 1916 pyramis,
538 1833 628 1897 ouius
644 1832 732 1897 basis
748 1834 798 1896 est
811 1836 1102 1921 ΑΤΒΥΓΦΔΧ,

86 1942 199 2003 uertex
235 1942 343 2003 autem
382 1943 426 2022 A,
463 1938 504 2002 ad
540 1939 757 2023 pyramidem,
798 1940 889 2003 ouius
925 1939 1014 2004 basis
1052 1947 1103 2006 esd

87 2047 369 2110 ΕΟΖΠΗΡΘΣ
388 2046 602 2130 polygonum,
624 2049 736 2110 uerlex
760 2049 869 2109 autem
891 2048 934 2109 N.
975 2068 1104 2129 permu-

86 2151 186 2217 tando
209 2152 312 2236 igitur
336 2151 389 2235 [V,
409 2152 480 2234 16],
502 2156 541 2216 ui
559 2173 673 2228 oenus,
696 2151 787 2216 ouius
806 2153 895 2217 basis
914 2155 965 2217 est
978 2156 1104 2217 ΑΒΓΔ

85 2256 236 2342 oiroulus,
256 2260 369 2322 uerlex
392 2261 501 2322 aulem
525 2261 569 2341 A,
594 2258 634 2322 ad
658 2257 857 2340 pyramidem
882 2280 988 2343 suam,
1011 2260 1102 2324 ouius

85 2365 175 2447 basis
195 2368 246 2428 est
264 2364 466 2448 polygonum
485 2367 584 2428 ΑΤΒ
592 2367 779 2456 ῬΓΦΔΧ,Ι
797 2368 911 2430 uertex
930 2367 1039 2430 autem
1059 2369 1103 2450 A,

87 2471 135 2535 iia
172 2469 202 2544 Ξ
236 2470 276 2534 ad
313 2469 532 2554 pyramidem,
568 2471 659 2536 ouius
691 2470 781 2535 basis
819 2475 870 2536 est
901 2473 1102 2557 polygonum

88 2579 379 2660 ΕΟΖΠΗΡΘΣ,
403 2581 515 2640 uertex
534 2579 642 2640 aulem
662 2579 706 2641 N.
742 2597 854 2641 uerum
874 2599 984 2662 oonus,
1008 2600 1103 2663 quem

89 2682 238 2766 diximus,
260 2682 366 2746 maior
389 2685 440 2746 est
462 2682 629 2766 pyramide
653 2704 726 2765 sua,
750 2704 828 2748 nam
852 2705 923 2748 eum
947 2684 1103 2750 eontined.

86 2788 196 2871 itaque
230 2788 329 2851 eliam
357 2787 387 2861 Ξ
417 2787 555 2853 solidum
585 2788 690 2852 maius
719 2792 769 2852 esi
796 2789 979 2873 pyramide,
1011 2791 1101 2856 ouius

88 2996 142 3035 om.
160 2980 192 3034 P.
285 2987 326 3034 11.
345 2979 413 3035 Lite.
433 2982 496 3070 ΠΗ
514 2997 529 3034 e
549 2995 618 3034 oorr.
636 2978 670 3034 V.
751 2985 867 3048 σημεῖον
889 3012 921 3020 -
941 2988 984 3037 21.
1004 2977 1035 3036 τὸ
1057 2982 1100 3054 Ν]

86 3050 605 3195 111111111111·Ρ·
679 3051 871 3192 ΗΕΒ]
886 3068 945 3177 Sl·
959 3053 1021 3177 lq·

87 3166 130 3250 17:
148 3143 180 3249 sl
191 3201 308 3265 σημεῖον
327 3194 360 3250 V.
401 3166 407 3178 .
449 3166 490 3250 l9.
509 3140 686 3264 aoldyovov]
707 3164 761 3247 oni.
777 3195 808 3248 Ρ.
890 3166 940 3249 22..
952 3165 1005 3264 μέν
1026 3189 1102 3248 ἐστιν

85 3265 142 3335 Bq.
215 3271 374 3335 Ασημεῖον
391 3265 426 3321 V.
499 3271 542 3320 23.
561 3265 720 3334 πυραμίδος
737 3263 772 3322 V.
854 3270 898 3321 24.
917 3261 1045 3337 στερεόν]
1064 3283 1101 3322 m.

85 3354 140 3392 reo.
160 3337 191 3392 P.
263 3342 306 3391 28.
326 3337 366 3407 Ξ]
387 3340 408 3390 Ζ
427 3344 464 3406 q?
991 3374 992 3378 =
