2468 3952
137 189 201 255 308
317 172 319 177 ’
508 185 710 238 monum
729 179 777 252 ιγ’.

136 331 174 399 δὲ
206 331 262 398 καὶ
290 327 310 415 ή
339 335 406 397 ΛΟ
432 325 665 414 πενταγώνου,
700 324 902 412 ἰσόπλευρον
930 323 995 412 ἀρα
1024 324 1095 391 ἐστὶ
1123 321 1161 392 τὸ

139 442 239 504 ΠΛΟ
271 440 446 521 τρίγωνον.
496 432 553 500 διδι
581 430 620 499 τὰ
653 421 738 499 αύτά
765 429 809 517 δή
837 431 893 498 καὶ
922 432 1064 498 ἕκαστον
1093 439 1163 497 τών

65 565 68 571 ·
138 548 259 627 ΛΡΜ,
291 549 425 626 ΜΣΝ,
458 548 494 607 Ν
503 542 580 624 ΤΞ,
613 542 713 615 ΞΥΟ
748 541 923 626 τριγώνων
956 536 1163 625 ἰσόπλευρόν

139 651 238 717 ἐστιν.
284 648 437 734 εἰλήφθω
461 645 499 714 τὸ
523 646 664 731 κέντρον
687 647 749 713 τοῦ
774 651 950 712 ΕΖΗΘΚ
971 644 1100 713 κύκλου
1124 642 1162 712 τὸ

103 773 119 822 5
141 761 172 822 Φ
195 767 346 840 σημεῖον·
374 753 430 820 καὶ
459 750 524 820 ἀπὸ
554 755 615 820 τού
642 757 673 818 Φ
700 753 745 842 τῷ
772 754 835 819 τού
861 750 988 819 κύκλον
1017 751 1163 842 ἐπιπέδῳ

137 840 220 948 πρὸς
243 858 351 946 ὀρθὰς
375 857 543 927 ἀνεστάτω
567 855 587 944 ή
616 864 699 943 ΦΩ,
724 858 780 924 καὶ
804 856 1020 944 ἐκβεβλήσθω
1044 858 1099 926 ἐπὶ
1123 857 1162 926 τά

138 969 233 1055 ἑτερα
260 967 343 1053 μέρη
371 963 460 1051 ώςή
487 972 578 1050 ΦΨ,
607 965 664 1032 καλ
687 961 879 1052 ἀφῃρήσθω
904 963 1077 1050 ἑξαγώνου
1100 963 1164 1051 μὲν

138 1073 159 1161 ή
195 1080 274 1158 ΦΧ,
308 1071 502 1158 δεκαγώνου
530 1071 568 1139 δὲ
596 1071 734 1158 ἑκατέρα
762 1074 831 1139 τών
866 1077 958 1156 ΦΨ,
991 1075 1075 1155 ΧΩ,
1107 1071 1165 1138 καὶ

139 1179 391 1266 ἐπεζεύχθωσαν
424 1181 462 1246 αλ
487 1184 574 1265 ΠΩ,
608 1184 807 1263 Imm,
842 1184 924 1262 ΕΦ,
957 1183 1042 1261 ΛΦ,
1073 1184 1164 1262 ΛΨ,

88 1305 121 1354 10
147 1294 233 1354 ΨΜ.
274 1285 330 1353 καὶ
354 1285 423 1352 ἐπεὶ
447 1286 585 1373 ἑκατέρα
606 1288 675 1353 τών
699 1291 780 1369 ΦΧ,
799 1291 871 1352 ΠΕ
891 1294 937 1376 τῷ
956 1295 1019 1353 τοῦ
1036 1283 1165 1352 κύκλου

68 1405 70 1410 ’
140 1393 283 1480 ἐπιπέδῳ
311 1390 394 1480 πρὸς
422 1390 531 1478 ὀρθάς
559 1393 666 1476 ἐστιν,
696 1390 907 1478 παράλληλος
934 1388 1001 1476 ἀρα
1026 1390 1119 1458 ἐστὶν
1143 1387 1164 1475 ή

144 1505 216 1567 ΦΧ
233 1502 274 1586 τή
297 1506 375 1566 ΠΕ.
417 1499 482 1566 εἰσὶ
507 1497 545 1566 δὲ
566 1498 622 1565 καὶ
646 1506 732 1566 ἴσαι·
757 1498 813 1565 καὶ
837 1499 874 1564 αλ
896 1504 979 1583 ΕΦ,
1005 1504 1079 1564 ΠΧ
1099 1484 1166 1583 ἀρα

142 1613 211 1672 ἴσαι
238 1629 273 1672 τε
300 1605 356 1673 καλ
384 1602 596 1692 παράλλήλοί
621 1608 715 1672 εἰσιν.
769 1602 940 1690 ἑξαγώνου
969 1603 1007 1672 δὲ
1033 1601 1054 1690 ή
1079 1611 1166 1672 ΕΦ·

25 1728 40 1755 ·
142 1711 313 1798 ἑξαγώνου
344 1711 412 1800 ἀρα
444 1710 500 1777 καὶ
532 1707 553 1796 ή
582 1717 660 1776 ΠΧ.
711 1711 767 1776 καὶ
799 1709 870 1777 ἐπεὶ
903 1708 1074 1796 ἑξαγώνου
1101 1713 1166 1797 μὲν

91 1835 123 1885 15
143 1821 233 1887 ἐστιν
256 1815 277 1905 ή
298 1826 382 1904 ΠΧ,
407 1815 603 1903 δεκαγώνου
627 1816 664 1884 δὲ
687 1813 708 1904 ή
728 1823 810 1902 ΧΩ,
833 1816 889 1883 καὶ
914 1813 1002 1902 ὀρθή
1028 1818 1119 1884 ἐστιν
1144 1816 1166 1904 ή

143 1923 209 1994 ὑπὸ
230 1932 268 1993 Π
271 1929 339 1992 ΧΩ
362 1926 485 2010 γωνία,
509 1920 728 2009 πενταγώνου
751 1921 816 2010 ἀρα
836 1922 928 1990 ἐστὶν
950 1920 972 2009 ή
993 1929 1074 1990 ΠΩ.
1108 1922 1167 1991 διά

142 2031 182 2099 τά
207 2029 292 2100 αύτά
316 2030 358 2118 δή
381 2030 480 2116 καλή
509 2036 572 2097 ΥΩ
594 2028 814 2115 πενταγώνου
838 2032 944 2115 ἐστίν,
976 2029 1167 2118 ἐπειδήπερ,

144 2137 204 2206 ἐάν
228 2138 445 2222 ἐπιζεύξωμεν
473 2135 533 2215 τὰς
563 2144 651 2222 ΦΚ,
675 2144 710 2221 Χ
714 2145 752 2218 Τ,
781 2143 851 2203 λσαι
881 2137 938 2203 καὶ
961 2132 1166 2231 ἀπεναντίον

44 2282 52 2295 ·
145 2249 294 2328 ἔσονται,
321 2247 381 2310 καί
405 2244 496 2310 ἐστιν
523 2240 544 2329 ή
572 2249 643 2311 ΦΚ
668 2245 704 2310 ἐκ
726 2247 787 2310 τοῦ
814 2242 956 2330 κέντρου
984 2233 1072 2310 οὖσα
1086 2238 1167 2324 ’ἑξα-

91 2369 126 2418 20
144 2348 271 2436 γώνου·
303 2349 472 2434 ἑξαγώνου
501 2347 567 2434 ἀρα
594 2348 650 2415 καλ
677 2345 698 2433 ή
728 2354 762 2413 Χ
768 2355 801 2414 Y.
853 2347 1047 2433 δεκαγώνου
1079 2349 1117 2418 δέ
1146 2349 1167 2436 ή

146 2565 215 2626 ἐστι
239 2557 277 2625 δὲ
298 2557 355 2624 καὶ
378 2555 399 2645 ή
423 2566 457 2625 Π
467 2568 496 2626 Y
515 2559 746 2646 πενταγώνου·
776 2558 979 2647 ἰσόπλευρον
1006 2560 1073 2648 ἀρα
1097 2565 1168 2631 ἐστὶ

145 2663 182 2732 τὸ
202 2671 241 2732 Π
246 2669 310 2731 m
333 2669 508 2753 τρίγωνον.
546 2664 602 2734 διδι
626 2664 666 2733 τδι
691 2663 775 2734 αύτά
801 2665 916 2752 δήκαὶ
938 2668 1169 2738 ἕκαστοντῶν

147 2771 273 2838 λοιπών
297 2769 488 2856 τριγώνων,
519 2764 568 2840 ών
591 2771 706 2857 βάσεις
729 2773 790 2858 μέν
815 2776 900 2840 εἰσιν
925 2776 962 2839 αλ
983 2780 1062 2859 ΠΡ,
1088 2780 1168 2861 ΡΣ,

94 2897 129 2948 25
149 2885 230 2963 ΣΤ,
253 2885 316 2945 TY
332 2874 478 2963 εὐθεῖαι,
497 2877 630 2966 κορυφή
645 2878 683 2946 δὲ
696 2876 734 2946 τὸ
748 2884 781 2944 Ω
796 2892 946 2965 σημεῖον,
961 2878 1169 2968 ἰσόπλευρόν

69 3059 73 3066 ,
148 2988 246 3053 ἐστιν.
292 2983 408 3070 πάλιν,
437 2985 507 3052 ἐπεὶ
531 2982 701 3070 ἑξαγώνου
728 2983 789 3071 ρύν
813 2982 834 3071 ή
861 2992 943 3070 ΦΛ,
972 2974 1169 3072 δεκαγώνου

221 3239 245 3288 2.
265 3235 348 3287 ΠΛΘ
367 3250 393 3301 q.
467 3238 491 3288 3.
512 3234 647 3302 τρίγωνον
667 3249 756 3302 comp.
775 3233 802 3288 b.
875 3238 900 3287 4.
920 3234 972 3288 τού
991 3231 1097 3289 κύκλου
1116 3241 1170 3291 τοῦ

149 3306 302 3359 ΕΖΗΘΚ
319 3304 351 3358 V.
431 3310 455 3360 6.
477 3299 541 3376 ἐκβε
562 3308 595 3373 λη
614 3322 641 3372 q.
719 3311 743 3359 7.
764 3307 823 3359 ΨΦ
841 3305 868 3358 b.
946 3310 971 3361 8.
993 3306 1076 3430 ΦΨή
1090 3309 1122 3360 Ψ
1140 3308 1171 3362 in

149 3393 203 3429 τοο.
222 3394 259 3429 m.
280 3380 295 3428 1
314 3375 344 3429 P.
437 3381 461 3431 9.
481 3378 536 3429 ΛΦ
572 3379 629 3430 ΛΨ
646 3374 681 3442 Ρ,
702 3378 750 3430 ΦΛ
769 3393 795 3444 q.
885 3378 962 3447 ΛΨ]
984 3380 1034 3430 ΛΦ

152 3453 192 3501 10.
214 3447 295 3516 ΨΜ]
316 3447 346 3500 in
364 3463 427 3513 ras„
448 3446 513 3501 dein
532 3445 595 3503 add.
616 3449 679 3500 ΜΦ
699 3446 735 3510 V;
755 3449 830 3515 ΜΨ,
850 3446 904 3502 del.
924 3465 960 3501 m.
978 3455 990 3502 1
1011 3448 1042 3504 et
1059 3466 1098 3503 m.
1113 3466 1170 3508 reo.

149 3516 180 3572 P.
271 3523 311 3570 11.
333 3514 420 3589 ἐστιν]
442 3534 532 3588 comp.
551 3519 584 3586 b,
604 3515 662 3573 ἐστι
680 3517 794 3587 PBVq.
881 3523 922 3574 12.
943 3520 1016 3574 Ante
1038 3522 1097 3574 ΦΧ
1109 3520 1171 3578 ’δελ
