2468 3952
133 175 174 238 τη
502 146 705 227 mommsen
723 171 774 227 ια’.

131 319 190 405 μαῖ
219 316 429 403 παράλληλοί
454 319 549 383 εἰσιν.
589 314 799 401 παράλληλος
826 313 892 401 ἄρα
920 314 1011 382 ἐστὶν
1034 313 1055 398 η
1079 321 1147 380 ΑΒ

130 429 170 512 τῇ
196 430 270 491 ΛΓ.
308 422 426 508 πάλιν,
451 422 520 490 ἐπεὶ
545 421 607 489 δύο
632 424 770 490 ἐπίπεδα
792 423 988 506 παράλληλα
1006 417 1047 487 τὰ
1067 426 1147 504 ΒΖ,

131 539 164 597 A
170 538 201 596 E
222 527 286 598 ὑπὸ
307 531 466 597 ἐπιπέδου
488 531 550 595 τοῦ
563 534 634 594 ΑΓ
652 530 818 614 τέμνεται,
842 532 880 595 αἴ
899 529 1012 595 κοιναί
1031 523 1143 593 αὐτῶν

132 637 229 723 τομαὶ
252 635 463 720 παράλληλοί
482 638 576 702 είσιν.
612 633 822 720 παράλληλος
845 633 910 720 ἄρα
933 634 1024 700 ἐστὶν
1043 630 1063 718 ἡ
1083 637 1152 698 ΒΓ

97 747 171 829 στῇ
196 751 274 808 ΑΔ.
315 744 451 827 ἐδείχθη
480 739 518 808 δὲ
544 741 599 807 καῖ
627 737 648 826 ἡ
672 748 737 807 ΑΒ
764 744 804 828 τῇ
829 745 900 806 ΛΓ
921 738 1147 825 παράλληλος·

131 847 480 935 παραλληλόγραμμον
508 845 574 933 ἄρα
597 847 666 914 ἐστὶ
689 845 726 914 τὸ
751 852 824 914 ΑΓ.
866 844 990 933 ὁμοίως
1013 844 1054 931 δὴ
1080 848 1146 911 δεί-

132 957 247 1041 ξομεν,
271 952 323 1022 ὅτι
345 953 400 1020 καὶ
425 954 564 1020 ἕκαστον
587 956 655 1019 τῶν
675 959 755 1036 ΔΖ,
779 959 861 1038 ΖΗ,
880 959 965 1037 ΗΒ,
984 957 1061 1035 ΒΖ,
1080 957 1151 1016 ΑΕ

131 1058 480 1147 παραλληλόγραμμόν
504 1060 603 1126 ἐστιν.

196 1164 466 1253 Ἐπεζεύχθωσαν
490 1167 527 1231 αί
548 1171 628 1250 ΑΘ,
654 1171 687 1230 A
693 1171 729 1230 Z.
764 1165 820 1230 καὶ
844 1165 913 1232 ἐπεὶ
936 1163 1149 1249 παράλληλός

80 1293 112 1340 10
133 1277 223 1342 ἐστιν
251 1272 271 1359 ἡ
300 1272 361 1359 μέν
385 1279 449 1338 ΑΒ
478 1283 517 1359 τῇ
543 1278 623 1357 ΔΓ,
651 1269 672 1358 ἡ
702 1270 739 1338 δὲ
762 1277 825 1338 ΒΘ
847 1275 887 1359 τῇ
912 1277 987 1355 ΓΖ,
1016 1269 1079 1337 δύο
1103 1268 1148 1354 δὴ

132 1384 170 1446 αἴ
195 1386 262 1445 ΑΒ
270 1429 279 1463 ,
307 1385 370 1444 ΒΘ
401 1377 584 1464 ἁπτόμεναι
613 1375 766 1463 ἀλλήλων
798 1377 887 1464 παρὰ
920 1377 982 1444 δύο
1012 1373 1148 1455 εὐθείας

132 1485 190 1566 τὰς
217 1492 297 1569 ΑΓ,
331 1489 392 1550 ΓΖ
424 1480 610 1570 ἁπτομένας
638 1482 794 1570 ἀλλήλων
826 1486 913 1552 είσὶν
942 1481 1004 1550 οὐκ
1036 1484 1073 1550 ἐν
1102 1486 1149 1573 τῷ

133 1591 222 1684 αὐτῷ
251 1592 408 1678 ἐπιπέδῳ·
432 1597 505 1670 ἴσας
529 1588 595 1678 ίίρα
617 1596 742 1675 γωνίας
759 1593 981 1679 περιέξουσιν·
1006 1597 1061 1675 ἴση
1082 1586 1147 1676 ἄρα

133 1699 153 1786 ἡ
177 1695 243 1765 ὑπὸ
268 1702 367 1763 ΑΒΘ
396 1701 502 1781 γωνία
530 1699 569 1783 τῇ
597 1693 663 1763 ὑπὸ
688 1702 795 1764 ΔΓΖ.
840 1696 896 1763 καὶ
924 1697 993 1763 ἐπεὶ
1024 1694 1087 1763 δύο
1112 1699 1150 1762 αἴ

80 1824 113 1872 15
133 1812 213 1888 ΑΒ,
237 1811 300 1870 ΒΘ
324 1803 401 1869 δνσὶ
423 1815 495 1881 ταῖς
513 1807 593 1886 AF,
614 1808 675 1869 ΓΖ
699 1810 769 1869 ἴσαι
793 1807 894 1888 εἴσίν,
917 1803 973 1869 καῖ
997 1808 1103 1888 γωνία
1126 1798 1147 1887 ἡ

132 1908 197 1978 ὑπὸ
222 1917 321 1976 ΑΒΘ
344 1914 453 1998 γωνία
474 1913 513 1996 τῇ
537 1906 603 1977 ὑπὸ
629 1914 728 1976 ΔΓΖ
752 1911 842 1977 ἐστιν
865 1917 937 1994 ἴση,
961 1908 1058 1994 βάσις
1080 1906 1149 1993 ἄρα

133 2014 234 2102 ἡΑΘ
256 2015 352 2102 βάσει
375 2019 414 2103 τῇ
431 2022 497 2080 ΔΖ
521 2016 610 2082 ἐστιν
634 2023 708 2101 ἴση,
731 2018 786 2082 καὶ
810 2014 847 2082 τὸ
862 2023 962 2083 ΑΒΘ
980 2019 1150 2102 τρίγωνον

132 2127 177 2209 τῷ
193 2129 292 2190 ΑΓΖ
313 2121 467 2211 τριγώνῳ
491 2128 567 2188 ἴσον
591 2123 690 2189 ἐστίν.
727 2127 786 2188 καί
803 2123 871 2189 ἐστι
889 2126 950 2190 τοῦ
968 2120 1029 2208 μὲν
1049 2127 1151 2188 ΑΒΘ

134 2227 311 2295 διπλάσιον
338 2226 377 2295 τὸ
406 2234 479 2294 ΒΗ
497 2228 862 2316 παραλληλόγραμμον,
894 2238 955 2296 τοῦ
984 2228 1021 2296 δὲ
1048 2233 1119 2293 AF
1121 2234 1148 2293 Z

79 2353 114 2401 20
134 2332 312 2400 διπλάσιον
330 2331 369 2401 τὸ
384 2339 448 2400 ΓΕ
464 2336 825 2421 παραλληλόγραμμον·
849 2343 925 2403 ἴσον
944 2334 1009 2422 ἄρα
1027 2333 1065 2402 τὸ
1081 2341 1151 2400 ΒΗ

133 2438 481 2527 παραλληλόγραμμον
504 2443 549 2531 τῷ
569 2446 633 2507 ΓΕ
650 2443 992 2532 παραλληλογράμμῳ.
1025 2438 1153 2527 ὁμοίως

135 2543 176 2631 δη
201 2546 367 2631 δείξομεν,
396 2545 447 2613 ὅτι
474 2545 590 2613 καὶτὸ
614 2545 675 2633 μὲν
700 2553 769 2615 ΑΓ
787 2551 833 2639 τῷ
856 2553 923 2614 ΗΖ
947 2550 1037 2615 ἐστιν
1061 2555 1149 2632 ἴσον,

133 2649 171 2718 τὸ
196 2650 233 2717 δὲ
256 2658 325 2718 ΑΕ
345 2655 390 2742 τῷ
415 2659 486 2720 ΒΖ.

199 2754 275 2824 Ἐὰν
299 2756 365 2846 ίίρα
389 2756 526 2846 στερεὸν
550 2755 615 2826 ὑπὸ
639 2761 861 2847 παραλλήλων
880 2762 1045 2828 ἐπιπέδων
1058 2784 1149 2847 περι-

81 2883 114 2932 25
134 2866 260 2951 έχηται,
297 2862 337 2930 τὰ
375 2863 578 2932 ἀπεναντίον
616 2863 721 2933 αὐτοῦ
757 2867 895 2933 ἐπίπεδα
932 2874 989 2934 ἴσα
1025 2892 1060 2934 τε
1093 2866 1149 2933 καὶ

134 2970 461 3059 παραλληλόγραμμά
486 2973 592 3040 ἐστιν·
617 2969 697 3058 ὅπερ
722 2976 790 3039 ἔδει
813 2976 926 3053 δεῖξαι.

207 3225 230 3273 1.
251 3217 308 3273 είσί
323 3220 385 3285 Vb,
405 3235 494 3287 comp.
515 3218 545 3272 F.
601 3225 625 3273 2.
643 3224 692 3273 ΓΔ
706 3219 737 3274 Β.
792 3215 968 3292 παράλληλα]
988 3236 1043 3274 om.
1062 3219 1095 3273 V.

134 3292 194 3357 BZ]
215 3305 300 3358 supra
318 3306 370 3343 scr.
391 3295 418 3343 Γ
432 3289 463 3355 b3
484 3306 553 3344 corr.
573 3307 607 3344 ex
626 3295 682 3344 ΒΓ
697 3292 731 3347 V.
818 3297 842 3344 3.
862 3289 1006 3363 τέμνεται]
1027 3309 1095 3346 corr.
1115 3307 1151 3344 ex

134 3358 285 3428 τέμνονται
302 3360 329 3416 b.
393 3366 418 3414 4.
439 3360 493 3414 εἰσι
507 3360 568 3430 Vb,
589 3377 678 3430 comp.
693 3362 723 3418 F.
784 3362 852 3433 BF]
871 3377 939 3417 corr.
960 3368 1025 3417 exA
1036 3366 1062 3416 Γ
1077 3363 1109 3429 b3
1129 3368 1150 3415 B

134 3431 164 3483 in
183 3447 237 3484 ras.
252 3429 282 3482 Β.
339 3436 363 3483 9.
381 3427 438 3484 ἐστι
456 3429 631 3500 παράλληλος
644 3432 702 3486 Vb.
758 3438 799 3487 10.
820 3432 889 3503 ΔΓ]
910 3451 978 3488 corr.
998 3451 1032 3488 ex
1049 3437 1101 3486 ΓΛ
1118 3433 1152 3502 V,

140 3505 191 3554 ΓΑ
205 3503 232 3557 b.
298 3507 338 3554 13.
358 3498 535 3570 περιέχουσιν
553 3503 604 3556 BF
625 3503 699 3571 (inF
718 3520 787 3558 corr.
807 3522 842 3558 m.
854 3506 890 3573 2).
958 3511 999 3559 15.
1019 3503 1077 3560 εἴσί
1092 3503 1151 3570 Vb,
