2468 3952
149 192 216 257 330
520 190 722 245 Στοιαοιωα
741 186 790 259 η’.
884 210 887 217 ·

147 355 224 402 σιον
248 330 313 421 ἄρα
336 333 405 402 ἐστὶ
429 331 465 401 τὸ
491 330 554 400 ἀπὸ
579 336 638 419 τῆς
657 341 688 399 Α
696 340 724 399 Β
744 334 805 400 τοῦ
824 329 891 399 ἀπὸ
910 334 970 416 τῆς
989 337 1063 399 ΒΖ.
1102 336 1165 399 ἔστι

149 439 186 508 δὲ
214 441 270 508 καὶ
297 437 318 526 ἡ
341 444 399 526 της
429 445 574 527 σφαίρας
597 437 772 526 διάμετρος
795 438 937 523 δυνάμει
961 442 1166 526 τριπλασίων

147 551 206 633 τῆς
224 553 284 615 τοῦ
303 546 409 633 κύβου
427 549 580 630 πλευρᾶς.
612 550 671 613 καί
686 534 777 613 ἐστιν
796 541 816 629 η
831 548 897 612 ΑΒ
911 541 932 630 ἡ
946 548 1007 631 της
1022 552 1165 634 σφαίρας

149 653 336 742 διάμετρος·
360 650 381 740 ἡ
404 659 466 719 ΒΖ
489 651 554 736 ἄρα
576 655 637 719 τοῦ
661 649 769 737 κύβου
792 651 861 719 ἐστὶ
884 650 1024 738 πλευρά.

113 778 129 829 ο
216 761 283 828 Καὶ
304 760 373 829 ἐπεὶ
397 767 451 844 ίση
476 757 566 826 ἐστίν
589 754 697 843 ἡΑΓ
712 768 752 846 τῇ
770 764 848 842 ΓΒ,
872 761 973 843 διπλῆ
992 756 1063 846 ἄρα
1081 759 1165 827 ἐστίν

111 880 114 885 ’
147 867 168 954 ἡ
193 875 259 934 ΑΒ
286 870 346 953 τῆς
369 870 438 933 BP.
484 862 529 944 ὡς
559 863 596 932 δὲ
624 861 645 951 η
669 871 734 931 ΑΒ
761 863 845 954 πρὸς
871 863 933 950 την
957 871 1032 951 ΒΓ,
1062 864 1164 948 οὕτως

148 972 185 1042 τὸ
210 972 276 1042 ἀπὸ
300 977 358 1059 τῆς
378 978 442 1040 ΑΒ
465 972 549 1060 πρὸς
571 970 608 1039 τὸ
633 969 699 1038 ἀπὸ
724 975 782 1057 της
800 978 875 1038 ΒΕ·
901 970 1085 1042 διπλάσιον
1103 971 1164 1060 ἄρα

149 1079 218 1148 ἐστὶ
245 1078 282 1148 τὸ
312 1077 376 1146 ιἰπδ
403 1082 464 1164 τῆς
486 1085 552 1145 AB
579 1087 642 1144 τοῦ
669 1075 734 1144 ιἰπὸ
757 1088 817 1163 τῆς
839 1084 911 1145 ΒΕ.
958 1082 1031 1145 ἔστι
1055 1079 1095 1147 δὲ
1116 1079 1166 1146 καὶ

147 1183 168 1272 ἡ
193 1189 251 1272 τῆς
274 1190 417 1272 σφαίρας
441 1183 617 1270 διάμετρος
646 1183 788 1269 δυνάμει
816 1189 1003 1252 διπλασίων
1027 1190 1090 1272 τῆς
1111 1189 1166 1254 τοῦ

98 1310 130 1359 10
151 1291 334 1381 ὀκταέδρου
356 1295 510 1378 πλευρᾶς.
555 1296 614 1358 καί
635 1292 725 1357 ἐστιν
748 1287 769 1376 η
793 1299 858 1358 ΑΒ
882 1289 902 1376 ἡ
926 1295 986 1379 τῆς
1009 1295 1167 1378 δοθείσης

150 1404 295 1484 σφαίρας
327 1397 516 1485 διάμετρος·
547 1395 568 1483 ἡ
597 1404 663 1464 ΒΕ
692 1395 758 1486 ἄρα
789 1402 851 1465 τοῦ
884 1395 1071 1485 ὀκταέδρου
1104 1397 1167 1467 ἐστὶ

148 1502 285 1591 πλευρά.

205 1607 325 1697 Ἤχθω
350 1608 392 1698 δη
415 1608 480 1679 ἀπὸ
504 1615 565 1679 τοῦ
584 1620 617 1677 A
641 1616 782 1696 σημείου
803 1614 842 1698 τῇ
864 1617 928 1677 ΑΒ
947 1607 1071 1702 εὐθείᾳ
1082 1610 1168 1699 ’πρὸς

150 1713 258 1803 ὀρθὰς
289 1714 310 1803 ἡ
339 1724 425 1802 ΑΗ,
457 1716 513 1783 καί
540 1722 666 1784 κείσθω
694 1713 715 1802 ἡ
744 1724 817 1783 AH
844 1724 899 1802 ίση
927 1720 966 1806 τῇ
995 1725 1082 1804 ΑΒ,
1116 1718 1167 1785 καί

97 1840 130 1890 15
150 1823 337 1912 ἐπεζεύχθω
360 1820 381 1911 ἡ
400 1829 478 1908 ΗΓ,
502 1822 558 1889 καὶ
581 1820 647 1891 ἀπὸ
671 1826 731 1891 τοῦ
746 1830 775 1890 H
793 1823 846 1891 ἐπὶ
864 1820 926 1909 τὴν
940 1830 1006 1890 AB
1025 1824 1169 1904 κάθετος

149 1927 245 2018 ἤχθω
273 1926 294 2015 ἡ
323 1935 395 1997 HK.
447 1929 502 1995 καί
532 1930 601 1996 ἐπεὶ
629 1933 729 2016 διπλῆ
758 1931 849 1997 ἐστιν
872 1925 893 2015 ἡ
918 1935 985 1996 HA
1008 1933 1069 2016 τῆς
1092 1935 1168 1999 AP

150 2045 205 2122 ίση
229 2034 294 2123 γὰρ
317 2033 338 2122 ἡ
363 2042 430 2103 ΗΑ
457 2039 496 2125 τῇ
522 2044 599 2104 ΑΒ·
628 2033 673 2116 ὡς
701 2035 739 2103 δὲ
767 2032 788 2121 ἡ
813 2039 881 2103 HA
902 2033 986 2122 πρὸς
1008 2034 1073 2123 τὴν
1097 2042 1168 2122 ΑΓ,

150 2144 257 2223 οὕτως
279 2140 300 2229 ἡ
320 2148 389 2210 ΘΚ
407 2142 491 2231 πρὸς
513 2141 576 2228 τὴν
595 2147 670 2228 ΚΓ,
694 2145 794 2226 διπλῆ
818 2139 885 2228 ἄρα
908 2141 964 2208 καλ
983 2139 1004 2228 η
1025 2149 1098 2210 ΘΚ
1112 2147 1169 2230 τῆς

150 2255 225 2317 ΚΓ.
261 2248 502 2337 τετραπλάσιον
525 2246 592 2334 ἄρα
615 2247 683 2315 ἐστὶ
705 2244 743 2314 τὸ
768 2244 834 2315 ἀπὸ
853 2252 912 2333 τῆς
930 2255 1000 2316 HK
1020 2253 1085 2317 τοῦ
1104 2246 1167 2318 ἀπὸ

96 2371 131 2420 20
149 2358 208 2440 τῆς
223 2359 303 2422 ΚΓ·
327 2353 367 2421 τὰ
386 2352 452 2440 ἄρα
475 2352 540 2422 ιἰπδ
563 2358 631 2421 τῶν
645 2360 727 2438 ΘΚ,
751 2359 827 2438 ΚΓ,
851 2354 932 2444 ὅπερ
956 2354 1024 2423 ἐστὶ
1045 2354 1085 2424 τὸ
1105 2353 1168 2423 ἀπὸ

149 2465 208 2547 τῆς
231 2466 303 2545 HP,
327 2458 572 2527 πενταπλάσιόν
596 2461 664 2527 ἐστι
687 2469 749 2527 τοῦ
772 2457 837 2527 ιἰπὸ
861 2464 920 2546 τῆς
942 2466 1016 2528 ΚΓ.
1057 2469 1113 2549 ίση
1134 2461 1169 2530 δὲ

150 2563 257 2651 ἡΘΓ
274 2570 313 2655 τῇ
334 2571 408 2633 ΓΒ·
432 2564 677 2635 πενταπλάσιον
700 2564 766 2653 ἄρα
789 2567 858 2635 ἐστὶ
881 2566 918 2635 τὸ
944 2564 1010 2635 ἀπὸ
1028 2571 1090 2655 τῆς
1108 2573 1172 2636 ΒΓ

149 2676 212 2740 τοῦ
239 2669 304 2741 ἀπὸ
332 2676 390 2759 τῆς
418 2678 491 2742 PK.
536 2672 592 2740 καὶ
620 2674 689 2741 ἐπεὶ
718 2676 817 2759 διπλῆ
849 2676 939 2742 ἐστιν
967 2671 988 2760 ἡ
1013 2682 1045 2741 A
1052 2681 1081 2741 Β
1112 2678 1168 2761 τῆς

151 2785 227 2866 ΓΒ,
245 2772 301 2849 οὖν
323 2778 344 2867 ἡ
364 2788 431 2847 ΑΔ
452 2783 510 2865 τῆς
530 2787 596 2847 ΛΒ
620 2781 687 2847 ἐστι
711 2783 829 2864 διπλῇ,
852 2780 952 2865 λοιπὴ
975 2778 1043 2867 ἄρα
1064 2808 1085 2868 η
1105 2789 1168 2849 ΒΛ

98 2900 132 2950 25
151 2891 269 2975 λοιπῆς
296 2890 354 2973 της
377 2892 448 2954 ΔΓ
472 2888 541 2954 ἐστι
570 2889 678 2971 διπλῆ.
728 2889 846 2971 τριπλῆ
879 2883 946 2973 ἄρα
972 2883 994 2971 ἡ
1022 2892 1092 2953 ΒΓ
1112 2891 1169 2973 τῆς

151 2998 226 3060 ΓΔ·
255 2992 481 3061 ἐνναπλάσιον
509 2991 575 3073 ἄρα
601 2990 639 3058 τὸ
669 2989 734 3059 ἀπὸ
762 3001 820 3077 της
842 2997 909 3058 ΒΓ
931 2995 993 3059 τοῦ
1020 2990 1088 3061 ἀπὸ
1113 2997 1169 3080 τῆς

150 3105 222 3166 ΓΛ.
267 3097 513 3166 πενταπλάσιον
542 3096 579 3165 δὲ
607 3096 643 3165 τὸ
673 3094 738 3165 ἀπὸ
762 3107 820 3183 της
842 3102 909 3164 ΒΓ
931 3101 993 3165 τοῦ
1021 3095 1089 3167 ἀπὸ
1113 3103 1169 3186 της

150 3209 229 3272 ΓΚ·
256 3209 369 3291 μεῖζον
396 3203 461 3293 ἄρα
488 3203 525 3272 τὸ
553 3199 618 3271 ἀπὸ
646 3206 705 3289 της
727 3209 795 3290 PK
819 3207 881 3270 τοῦ
909 3201 974 3271 ἀπὸ
1002 3208 1063 3291 τῆς
1092 3212 1169 3274 ΓΛ.

223 3457 247 3505 1.
268 3447 342 3506 ἐστίν
360 3452 391 3505 P.
465 3455 513 3505 ΖΒ
532 3452 563 3506 Β.
637 3448 712 3505 ἔστιν
731 3451 790 3505 ΡΒ.
882 3456 906 3504 3.
926 3448 1031 3506 κύκλου
1046 3454 1080 3522 Ρ,
1101 3472 1170 3512 corr.

150 3541 188 3576 m.
206 3539 261 3578 rec.
353 3529 377 3578 8.
398 3518 472 3592 ἔστί]
494 3519 568 3577 ἐστίν
588 3521 618 3590 Ρ,
638 3538 691 3577 om.
711 3521 744 3575 V.
831 3522 894 3594 τοῦ]
914 3519 984 3592 πρὸς
1002 3521 1035 3578 τό
1055 3543 1085 3594 q.

81 3630 129 3704 h
