2468 3952
338 212 613 264 cannamomum
632 214 741 264 amaa
758 214 819 267 ΧΠ.
1022 212 1088 276 243

52 355 207 436 alterius
231 355 400 439 sphaerae.
436 355 587 420 similiter
610 355 708 420 ctiam
732 356 1087 441 singulac‚pyramidcs

67 463 106 526 in<
127 461 267 545 sphaera
288 463 426 545 positae,
449 462 540 526 cuius
564 465 709 527 centrum
734 449 784 526 est
808 469 852 546 A,
876 463 916 527 ad
940 464 1087 548 singulas

70 568 256 654 pyramides
280 567 381 632 simili
404 568 476 633 loco
500 569 624 651 positas
647 568 680 631 in
705 567 807 632 altera
827 569 966 652 sphaera
984 571 1088 654 tripii-

69 681 179 740 catam
203 674 364 739 rationem
387 673 510 739 habent
534 695 631 757 quam
650 677 715 737 AB
740 673 781 738 ad
804 674 932 738 radium
951 676 1087 741 alterius

60 781 237 865 sphaerae.
271 784 304 843 et
325 783 363 843 ut
381 801 480 844 unum
499 779 759 863 praecedentium
779 779 819 844 ad
837 802 937 845 unum
953 803 1087 866 sequen-

69 889 169 972 tium,
190 885 239 950 ita
263 885 371 950 omnia
394 884 622 969 praecedentia
644 885 685 949 ad
709 885 818 950 omnia
842 887 1009 970 sequentia
1034 888 1088 974 [V‚

71 993 138 1074 12].
180 1011 279 1076 quara
302 994 409 1054 totum
433 990 574 1055 solidum
597 991 788 1075 polycdrum
810 992 844 1055 in
868 992 1008 1077 sphaera
1029 1016 1087 1078 po-

71 1099 179 1182 situm,
203 1092 293 1161 cuius
317 1099 464 1160 centrum
488 1099 538 1159 est
556 1100 603 1178 A,
626 1095 667 1159 ad
689 1100 796 1160 totum
820 1096 957 1161 solidum
976 1098 1087 1183 polye-

71 1203 165 1267 drum
188 1202 223 1266 in
247 1206 348 1265 altera
372 1200 511 1283 sphaera
538 1200 682 1284 positum
706 1200 904 1284 triplicatam
928 1205 1087 1270 rationem

67 1308 205 1374 habebit
227 1328 324 1390 quam
348 1310 414 1371 AB
438 1308 478 1371 ad
503 1307 631 1372 radium
655 1307 788 1372 alterius
813 1308 984 1396 sphaerae,
1006 1311 1036 1376 h.
1061 1335 1086 1378 e.

68 1438 167 1501 qnam
190 1413 370 1478 diametrus
389 1416 453 1477 ΒΛ
477 1413 517 1478 ad
541 1414 735 1478 diametrum
759 1414 895 1480 alterius
915 1416 1086 1501 sphaeram

68 1520 155 1606 quod
178 1523 250 1584 crat
273 1517 569 1584 demonstrandum.

518 1711 641 1779 XVIII.

137 1837 301 1923 Sphacrae
315 1837 614 1921 triplicataminter
629 1859 662 1902 se
676 1838 836 1902 rationem
850 1838 973 1902 habent
987 1861 1084 1922 quam

134 3416 316 3503 Fingantur
335 3418 494 3501 sphaerae
508 3419 618 3501 ΑΒΓ
632 3422 749 3501 ΔΕΖ,
768 3441 878 3483 earum
893 3423 949 3483 aut
950 3440 1001 3482 em
935 3417 1082 3483 tdia-

67 3524 164 3588 mctri
187 3527 259 3609 ΒΓ,
281 3528 352 3590 ΕΖ.
395 3523 480 3650 dico,
503 3546 574 3590 csse
593 3527 708 3589 ABF:
721 3523 981 3590 ΔΕΖΕΒΓθτ
993 3524 1083 3614 ΕΖΒ.

869 3629 922 3683 16*
