2468 3952
141 195 182 258 16
511 194 715 246 ΣΤΟΙΧΕΙΩΝ
732 188 785 247 ια’.

141 343 202 404 ΖΘ
226 339 316 404 ἐστιν
339 344 403 421 ἴση.
451 337 507 402 καὶ
530 332 600 403 ἐπεὶ
624 334 726 402 πάλιν
750 341 805 420 ἴση
830 330 966 420 ἐδείχθη
989 329 1010 418 ἡ
1030 339 1101 399 ΗΕ
1117 335 1157 420 τῇ

142 449 218 526 ΕΘ,
241 440 338 528 κοινὴ
363 441 401 509 δέ
423 439 444 528 η
469 449 549 527 ΕΖ,
579 440 641 509 δύο
666 439 708 527 δὴ
733 443 771 507 αἴ
791 446 876 525 ΗΕ,
900 447 963 506 ΕΖ
987 437 1064 506 δυσὶ
1087 452 1160 518 ταῖς

142 555 219 632 ΘΕ,
245 556 307 616 ΕΖ
336 557 405 616 ἴσαι
429 553 528 616 εἴσίν·
556 549 613 614 καῖ
640 547 739 632 βάσις
765 543 785 633 ἡ
816 553 888 613 ΖΗ
910 545 1007 632 βὰσει
1034 549 1073 642 τῇ
1099 553 1160 613 ΖΘ

142 662 212 740 ἴση·
245 660 352 740 γωνία
384 655 451 740 ἄρα
483 654 503 740 ἡ
536 651 603 722 ὐπὸ
632 661 734 721 ΗΕΖ
762 659 870 742 γωνίᾳ
896 657 936 741 τῇ
968 650 1034 719 ὐπὸ
1063 659 1160 719 ΘΕΖ

108 768 198 846 σῖση
223 763 322 828 ἐστίν.
371 758 459 846 ὀρθὴ
489 758 563 847 ἅμα.
578 759 715 843 ἑκατέρα
741 763 810 827 τῶν
832 756 897 827 ὑπὸ
922 767 1039 845 ΗΕΖ,
1063 765 1161 826 ΘΕΖ

144 877 288 952 γωνιῶν.
333 863 353 953 ἡ
379 873 444 933 ΖΕ
464 864 531 952 ι’ίρα
555 863 638 951 πρὸς
660 864 723 951 τὴν
742 871 810 932 ΗΘ
831 865 999 952 τυχόντως
1023 863 1080 932 διὰ
1097 869 1160 932 τοῦ

143 980 175 1039 Ε
196 970 360 1058 ἀχθεῖσαν
383 969 474 1059 ὀρθή
503 973 603 1040 ἐστιν.
649 970 773 1058 ὁμοίως
801 970 843 1058 δὴ
867 975 1035 1058 δείξομεν,
1064 969 1115 1039 ὅτι
1138 970 1159 1058 ἡ

144 1086 208 1145 ΖΕ
229 1079 283 1145 καῖ
307 1078 389 1166 πρὸς
412 1078 523 1158 παίσας
541 1077 601 1157 τὰς
624 1075 811 1164 ἁπτομένας
829 1075 933 1164 αὐτῆς
951 1076 1086 1158 εὐθείας
1104 1078 1161 1145 καὶ

144 1183 246 1264 οὐσας
275 1186 311 1251 ἐν
339 1188 384 1275 τῷ
413 1182 621 1275 ὑποκειμένῳ
646 1185 788 1275 ἐπιπέδῳ
812 1181 920 1271 ὀρθὰς
942 1184 1073 1270 ποιήσει
1096 1212 1160 1271 γω-

92 1309 124 1358 10
144 1296 227 1369 νίας.
282 1289 400 1358 εὐθεῖα
436 1291 474 1359 δὲ
505 1290 589 1379 πρὸς
621 1293 778 1358 ἐπίπεδον
811 1287 900 1377 ὀρθή
933 1292 1038 1376 ἐστιν,
1077 1289 1159 1358 ὅταν

144 1395 227 1481 πρὸς
254 1396 362 1475 παίσας
389 1395 447 1476 τὰς
473 1395 660 1482 ἁπτομένας
688 1394 790 1483 αὐτῆς
817 1395 952 1476 εὐθείας
978 1398 1034 1464 καὶ
1058 1396 1162 1478 οὐσας

145 1503 182 1568 ἐν
209 1506 255 1593 τῷ
280 1498 368 1591 αὐτῷ
393 1503 536 1593 ἐπιπέδῳ
561 1500 671 1589 ὀρθὰς
697 1508 782 1591 ποιῇ·
799 1509 936 1589 γωνίας·
964 1501 984 1588 ἡ
1010 1510 1073 1570 ΖΕ
1094 1499 1161 1589 ἄρα

144 1611 190 1698 τῳ
210 1605 417 1698 ὑποκειμένῳ
437 1609 580 1698 ἐπιπέδῳ
599 1607 683 1696 πρὸς
707 1607 816 1693 ὀρθάς
834 1609 934 1676 ἐστιν.
965 1607 1002 1677 τδ
1024 1608 1061 1676 δέ
1079 1607 1160 1676 ὐπο-

145 1717 299 1798 ιιείμενον
323 1712 480 1781 ἐπίπεδόν
505 1715 573 1781 ἐστι
596 1713 634 1781 τὸ
654 1712 711 1782 διὰ
728 1718 797 1782 τῶν
816 1722 897 1800 ΑΒ,
916 1721 983 1782 ΓΔ
1002 1712 1158 1783 εὐθειῶν.

94 1816 166 1903 1σὴ
195 1825 260 1885 ΖΕ
287 1817 353 1906 ἄρα
381 1817 463 1906 πρὸς
490 1817 599 1904 ὀρθάς
627 1820 695 1886 ἐστι
722 1830 768 1910 τῷ
797 1818 853 1886 διὰ
884 1824 951 1888 τῶν
979 1829 1060 1906 ΑΒ,
1094 1826 1161 1889 ΓΔ

146 1927 300 2017 ἐπιπέδῳ.

210 2029 289 2097 Ἐἁν
312 2031 377 2118 ίίρα
401 2029 518 2099 εὐθεῖα
542 2030 604 2099 δύο
629 2029 777 2111 εὐθείαις
799 2031 998 2118 τεμνούσαις
1016 2032 1161 2120 ἀλλήλας

146 2136 229 2223 πρὸς
258 2135 364 2222 ὀρθὰς
393 2137 444 2204 ἐπὶ
472 2141 530 2224 τῆς
552 2142 667 2223 κοινῆς
695 2143 798 2224 τομῆς
825 2139 988 2228 ἐπισταθῇ
995 2191 1004 2225 ,
1034 2141 1161 2232 καὶτῷ

148 2239 196 2308 δι’
219 2241 331 2309 αὐτῶν
350 2242 493 2330 ἐπιπέδῳ
512 2240 597 2326 πρὸς
615 2240 726 2328 ὀρθὰς
744 2248 849 2312 ἔσται·
869 2245 950 2333 ὅπερ
965 2248 1032 2312 ἔδει
1047 2248 1153 2327 δείξαι

97 2437 131 2486 20
640 2418 678 2489 ε’.

212 2539 299 2609 Ἐἁν
340 2540 482 2610 εὐθεῖα
522 2544 653 2631 τρισὶν
696 2542 877 2627 εὐθείαις
918 2544 1163 2633 ἁπτομέναις

148 2646 327 2733 ἀλλήλων
350 2648 449 2734 πρὸς
472 2647 598 2738 ὀρθὰς
617 2651 679 2717 ἐπὶ
697 2654 764 2738 της
785 2656 925 2738 κοινῆς
943 2657 1062 2740 τομῆς
1081 2656 1162 2721 ἐπι-

148 2757 290 2842 σταθῇ,
319 2757 361 2820 αἴ
384 2768 490 2841 τρεῖς
517 2753 676 2823 εὐθεῖαι
703 2758 744 2824 ἐν
768 2758 832 2825 ἑνί
852 2762 955 2825 εἴσιν
978 2761 1162 2851 ἐπιπέδῳ.

215 2856 346 2926 Εὐθεῖα
374 2857 439 2945 γὰρ
466 2885 517 2939 τις
543 2857 564 2946 ἡ
589 2869 653 2929 ΑΒ
681 2864 791 2951 τρισὶν
819 2861 968 2945 εὐθείαις
995 2879 1066 2946 ταῖς
1089 2873 1163 2951 ΒΓ,

95 2972 230 3049 MA,
258 2971 326 3032 ΒΕ
350 2965 435 3053 πρὸς
462 2963 571 3054 ὀμθὰς
593 2968 646 3036 ἐπὶ
675 2972 733 3055 τῆς
755 2967 838 3036 κατὰ
861 2968 899 3037 τὸ
924 2977 952 3036 Β
977 2969 1067 3058 ἁφῆς
1091 2974 1164 3058 ἐφε-

150 3071 269 3138 στὰτω·
298 3073 398 3158 λέγω,
423 3069 474 3140 ὅτι
498 3077 535 3140 αί
556 3081 632 3160 ΒΓ,
656 3084 739 3162 ΒΛ,
764 3084 829 3143 ΒΕ
851 3078 888 3144 ἐν
912 3077 965 3145 ἑνί
987 3082 1073 3144 είσιν
1097 3079 1164 3144 ἐπι-

149 3179 247 3246 πέδω.

223 3378 247 3426 3,
267 3371 358 3496 είσίνχ
371 3390 460 3442 comp.
480 3375 509 3428 F.
575 3380 600 3429 ὅ.
620 3370 694 3431 ἐστιν
714 3377 758 3445 ἴση
778 3378 865 3433 BFV.
927 3385 951 3433 6.
971 3374 988 3447 ἡ
1008 3373 1057 3431 διά
1076 3378 1101 3432 b.

152 3448 176 3496 7.
196 3437 319 3510 ἀχθεῖσα
364 3444 390 3498 b.
473 3444 520 3517 δή]
542 3462 596 3499 om.
616 3447 644 3500 F.
731 3453 756 3502 8.
776 3443 875 3521 αὐτῆς]
895 3467 964 3504 corr.
984 3467 1017 3504 ex
1037 3446 1109 3520 αὐτῇ
1128 3469 1165 3507 m.

72 3511 219 3704 XIB.
319 3520 343 3569 9.
363 3515 414 3586 τῷ]
439 3516 477 3588 τῷ
496 3512 573 3591 αὐτῷ
592 3518 623 3586 F,
647 3518 696 3574 sed
715 3537 783 3576 corr.
881 3528 922 3576 11.
941 3517 1024 3592 πρός]
1054 3521 1106 3576 ins.
1126 3540 1164 3576 m.
