2468 3952
129 192 195 257 358
527 194 710 245 APPENDIX
727 195 750 247 1.

129 334 228 422 βάσις
249 333 332 422 πρὸς
353 332 417 421 τὴν
436 340 471 400 Σ
477 341 541 402 ΤΥ
559 332 678 421 βάσιν,
702 335 810 414 οὕτως
830 331 872 401 τὰ
891 337 932 403 έν
950 337 993 424 τῇ
1015 321 1148 402 ΜΝΟΗ

129 444 293 528 πυραμίδι
317 440 380 509 δύο
403 444 571 527 πρίσματα
593 439 677 527 πρὸς
698 438 739 507 τά
764 442 801 508 ἐν
823 443 864 530 τῇ
887 446 1032 508 ΣΤΥΘ
1054 463 1145 528 πυρα·

131 551 203 635 μίδι
228 545 291 615 δύο
315 551 490 634 πρίσματα.
527 544 601 614 ἄλλ’
628 546 674 625 ὡς
696 543 717 633 ἡ
736 552 851 615 MNO
868 545 970 632 βάσις
989 546 1079 635 πρὸς
1095 546 1146 633 τὴν

131 660 236 722 ΣΤΤ
259 653 379 740 βάσιν,
406 650 513 732 οὕτως
539 650 561 738 ἡ
591 659 693 722 ΑΒΓ
720 652 818 740 βάσις
843 652 929 739 πρὸς
956 652 1027 740 τὴν
1055 660 1145 723 ΔΕΖ

95 761 241 847 σβάσιν.
293 760 351 828 καὶ
378 757 423 840 ὡς
453 760 519 848 άρα
546 757 568 846 ἡ
595 766 701 828 ΑΒΓ
722 761 819 846 βάσις
845 759 931 849 πρὸς
958 758 1028 848 τὴν
1057 766 1146 828 ΔΕΖ

130 867 243 955 βάσιν,
263 866 369 946 οὕτως
386 868 443 934 καὶ
460 865 501 934 τὰ
522 868 558 935 ἐν
578 869 775 955 τῇΑΒΓΗ
789 871 954 956 πυραμίδι
974 864 1044 936 δύο
1063 870 1146 955 πρίσ·

130 999 217 1061 ματα
240 971 324 1061 πρὸς
344 971 386 1041 τά
409 975 447 1041 ἐν
469 977 510 1063 τῇ
531 980 668 1042 ΔΕΖΘ
695 976 858 1061 πυραμίδι
882 972 947 1042 δύο
971 978 1146 1062 πρίσματα,

129 1082 186 1150 ναὶ
212 1079 253 1148 τὰ
281 1081 319 1148 ἐν
345 1090 386 1169 τῇ
409 1086 570 1148 MNOH
593 1078 657 1149 δύο
684 1085 851 1167 πρίσματα
878 1078 964 1169 πρὸς
985 1078 1032 1148 τὰ
1056 1082 1146 1169 έντῇ

131 1194 266 1255 ΣΤΥΘ
289 1191 453 1276 πυραμίδι
476 1185 540 1255 δύο
563 1191 743 1274 πρίσματα,
764 1187 822 1254 καὶ
843 1184 884 1255 τά
902 1186 1057 1277 τέσσαρα
1075 1184 1147 1274 πρὸς

82 1325 115 1373 10
133 1291 174 1362 τά
195 1296 348 1382 τέσσαρα.
388 1292 428 1362 τά
452 1291 537 1362 αὐτὰ
560 1293 598 1362 δὲ
621 1291 834 1380 δειχθήσεται
856 1293 912 1361 καί
936 1294 993 1362 ἐπὶ
1017 1298 1091 1364 τῶν
1106 1319 1147 1380 χε·

131 1403 288 1487 νομένων
320 1399 516 1488 πρισμάτων
544 1400 580 1467 ἐκ
606 1402 665 1486 τῆς
692 1400 885 1489 διαιρέσεως
911 1404 984 1469 τῶν
1013 1405 1147 1470 ΑΚΔΟ

131 1507 188 1574 καὶ
211 1513 352 1574 ΔΠΡΣ
376 1510 578 1594 πυραμίδων
603 1506 659 1574 καὶ
687 1511 825 1576 πάντων
851 1503 968 1588 άπλοῑς
991 1511 1065 1577 τῶν
1090 1513 1147 1576 ίσο-

131 1616 287 1700 πληθῶν·
311 1611 392 1703 ὅπερ
416 1618 484 1682 ἔδει
508 1617 623 1696 δεῖξαι.

628 1812 659 1879 5.

412 1936 469 2002 Ad
491 1935 577 2002 libr.
600 1935 666 2002 XII
688 1956 793 2021 prop.
818 1935 869 2002 17.

199 2079 360 2148 Δεικτέον
384 2075 426 2164 δὴ
450 2076 506 2144 καὶ
530 2076 650 2163 ἑτέρως
667 2074 935 2164 προχειρότερον,
960 2074 1015 2144 ὅτι
1034 2081 1151 2163 μείζων

86 2209 119 2259 15
138 2187 228 2258 ἐστὶν
250 2182 272 2272 ἡ
292 2191 370 2252 ΑΨ
384 2187 444 2271 τῆς
463 2190 542 2251 ΑΗ.
578 2181 676 2270 ἤχθω
698 2179 765 2250 άπὸ
782 2185 845 2250 τοῦ
862 2187 904 2250 Η
919 2185 960 2270 τῇ
981 2190 1064 2251 ΑΗ
1076 2182 1153 2272 πρὸς

133 2292 241 2381 ὀρθάς
263 2292 284 2378 ἡ
308 2289 405 2375 ΗΑ’,
432 2290 488 2357 καὶ
517 2289 704 2376 ἐπεζεύχθω
730 2287 751 2376 ἡ
777 2287 864 2356 AA'.
908 2288 1095 2376 τέμνοντες
1117 2288 1153 2376 δὴ

130 2399 193 2485 τὴν
226 2402 289 2464 ΕΒ
322 2396 537 2483 περιφέρειαν
571 2397 648 2482 δίχα
677 2395 733 2462 καὶ
764 2394 827 2482 τὴν
859 2392 1019 2481 ἡμίσειαν
1054 2394 1155 2483 αὐτῆς

133 2507 211 2591 δίχα
232 2502 288 2571 καὶ
310 2505 410 2570 τοῦτο
434 2499 488 2570 άεὶ
510 2505 687 2583 ποιοῦντες
704 2501 948 2588 καταλείψομέν
966 2527 1048 2571 τινα
1068 2526 1154 2589 περι-

133 2610 288 2699 φέρειαν,
325 2608 347 2695 ἥ
384 2607 475 2676 ἐστιν
512 2607 663 2677 ἐλάσσων
699 2611 758 2695 τῆς
793 2604 1060 2696 ὑποτεινομένης
1098 2618 1153 2678 τοῦ

81 2738 115 2789 20
134 2719 269 2786 ΒΓΔΕ
297 2712 423 2783 κάκλον
454 2717 666 2805 περιφερείας
696 2712 762 2782 ὑπὸ
794 2717 854 2800 τῆς
885 2720 959 2801 ίσης
990 2718 1034 2804 τῇ
1062 2714 1153 2786 ΗΑ’,

130 2828 301 2910 λελείφθω
329 2821 386 2890 καὶ
414 2825 497 2889 ἔστω
526 2817 547 2908 ἡ
571 2827 638 2890 ΚΒ
665 2820 869 2908 περιφέρεια.
910 2818 1066 2890 ἐλάσσων
1092 2821 1153 2909 ἄρα

132 2931 188 2999 καὶ
209 2928 231 3017 ἡ
255 2936 322 2997 ΚΒ
346 2926 545 3014 εάθείατῆς
567 2927 662 2997 ΗΑ’,
712 2926 769 2997 καὶ
792 2927 862 2995 ἐπεὶ
886 2929 923 2995 ἐν
945 2924 1061 3020 ιιάκλφ
1087 2928 1152 2997 ἐστὶ

204 3127 268 3195 XII,
289 3132 321 3182 1⁷
341 3125 414 3180 inter
433 3119 606 3211 ἐπιφάνειαν
626 3123 655 3177 et
674 3116 728 3205 δύο
745 3140 772 3205 ρ.
792 3127 855 3192 240,
874 3121 1079 3206 55-01’Bvq.
1114 3123 1153 3206 Βο

132 3199 325 3340 ἓξατρωαᾞρ.
344 3201 404 3252 231.
445 3199 538 3265 proA
575 3193 1153 3271 mPscnb1turqc311tteramhanc1n

207 3472 232 3521 6.
251 3460 325 3519 οὕτω
344 3465 398 3532 Bq.
476 3457 542 3532 δύο]
562 3477 615 3516 om.
636 3461 669 3517 V.
756 3467 781 3518 ί.
800 3458 871 3531 πρὸς
889 3457 924 3515 τά
943 3491 977 3500 -
996 3461 1152 3533 πρίσματα]

136 3550 191 3591 om.
211 3552 239 3604 q.
323 3535 461 3604 πυραμίδι
479 3529 533 3587 δύο
552 3533 706 3604 πρίσματα]
726 3548 780 3588 om.
794 3532 829 3587 V.
911 3536 936 3587 8.
956 3531 1023 3604 καί]
1044 3532 1095 3588 καὶ
1115 3531 1155 3587 ἔτι
