2468 3952
338 208 613 261 nnuuauroamr
631 167 740 259 amun
757 210 819 261 mr.
1018 207 1083 271 185

69 352 248 435 pyramidis
277 356 412 417 ΔΕΖΘ
439 352 479 416 ad
508 352 709 416 altitudinem
738 322 915 436 pyramidis
937 357 1086 418 ΑΒΓΗ.

41 526 45 531 ,
70 479 149 543 ergo
177 458 383 542 pyramidum
406 459 558 540 ΑΒΓΗ,
587 462 722 522 ΔΕΖΘ
749 459 850 523 bases·
867 459 900 523 in
924 461 1086 525 contraria

69 565 198 629 ratione
222 569 299 629 sunt
323 567 419 649 atque
443 564 641 628 altitudines.

137 671 207 736 lam
236 693 314 735 uero
342 671 546 755 pyramidum
578 674 730 756 ABFH,
763 676 900 736 ΔΕΖΘ
927 673 1021 737 bases
1052 674 1087 736 in
1199 723 1201 726 >

71 778 235 843 contraria
271 778 396 842 ratione
434 778 501 841 sint
538 781 635 861 atque
669 777 872 861 altitudime,
909 784 941 843 et
973 779 1017 843 sit
1049 785 1086 844 ut

71 885 174 948 ΑΒΓ
183 906 191 946 :
207 886 321 966 ΔΕΖ,
348 884 395 947 ita
419 883 558 948 altitudo
581 884 759 967 pyramidis
784 889 918 949 ΔΕΖΘ
946 885 986 949 ad
1011 885 1085 949 alti·

69 990 217 1054 tudinem
241 989 417 1074 pyramidis
441 992 590 1079 ΑΒΓΗ.
636 990 722 1074 dico,
745 1012 816 1054 esse

403 1116 545 1178 ΑΒΓΗ
557 1145 598 1167 =
614 1118 756 1179 ΔΕΖΘ.

137 1260 213 1302 nam
228 1238 342 1302 iisdem
356 1240 551 1322 comparatis
567 1239 720 1320 quoniam
735 1242 794 1318 est,
809 1245 846 1302 ut
859 1241 952 1302 ΑΒΓ
959 1261 966 1302 :
978 1243 1068 1303 ΔΕΖ
1076 1291 1088 1324 ,

68 1348 119 1410 ita
150 1345 289 1410 altitudo
322 1345 498 1429 pyramidis
527 1349 662 1409 ΔΕΖΘ
689 1345 729 1408 ad
758 1344 962 1409 altitudinem
990 1368 1085 1429 pyra-

70 1451 168 1516 midis
195 1454 348 1535 ΑΒΓΗ,
377 1455 410 1515 et
436 1453 925 1516 ABF:AEZ=BM:EH
952 1451 993 1535 [1,
1018 1453 1088 1535 34],

70 1560 134 1623 erit
153 1559 250 1623 etiam
269 1561 306 1643 ut
320 1561 395 1621 ΒΜ
407 1581 415 1621 :
429 1561 511 1639 ΕΠ,
531 1559 578 1622 ita
597 1559 735 1622 altitudo
750 1558 930 1641 pyramidis
951 1562 1087 1622 ΔΕΖΘ

69 1665 112 1730 ad
145 1664 351 1729 altitudinem
384 1665 560 1747 pyramidis
594 1667 741 1729 ΑΒΓΗ
799 1686 912 1728 uerum
946 1665 1084 1734 altitudo

69 1771 250 1856 pyramidis
275 1774 409 1835 ΔΕΖΘ
436 1770 547 1835 eadem
577 1776 626 1836 est
654 1776 751 1855 atque
775 1771 914 1835 altitudo
937 1770 1086 1854 parallel·

70 1878 198 1961 epipedi
231 1880 381 1960 ΕΘΠΟ,
418 1877 557 1943 altitudo
595 1881 703 1966 autem
735 1875 913 1961 pyramidis
946 1878 1090 1940 ΑΒΓΗ

69 1984 182 2048 eadem
207 1988 302 2067 atque
326 1983 464 2048 altitudo
492 1983 755 2067 parallelepipedi
779 1985 937 2047 BHMA.
985 2004 1087 2066 quare

68 2093 107 2154 ut
129 2094 212 2154 ΒΜ
221 2113 228 2153 :
244 2094 326 2173 ΕΠ,
341 2090 399 2168 ¹ita
427 2089 565 2154 altitudo
593 2089 855 2175 parallelepipedi
879 2092 1017 2153 ΕΘΠΟ
1045 2089 1084 2153 ad

70 2196 277 2261 altitudinem
305 2195 568 2280 parallelepipedi
595 2199 754 2261 ΒΗΜΛ.
804 2217 942 2280 quorum
975 2200 1085 2260 autem

70 2303 249 2368 solidorum
263 2303 610 2386 parallelepipedorum
624 2303 719 2367 bases
733 2303 773 2367 in·
783 2303 945 2368 contraria
959 2304 1087 2367 ratione

69 2413 147 2473 sunt
161 2416 258 2492 atque
272 2409 470 2492 altitudines,
485 2431 523 2473 ea
537 2410 684 2493 aequalia
701 2412 784 2473 sunt
812 2409 921 2493 itaque
935 2412 1087 2472 ΒΗΜΛ

68 2601 169 2669 (prius)
186 2601 238 2655 ins.
257 2619 293 2656 m.
315 2608 328 2655 1
348 2601 381 2656 V.
469 2607 511 2656 19.
531 2597 596 2670 μέν]
617 2616 670 2656 om.
690 2600 720 2655 P.
807 2607 850 2655 22.
871 2596 945 2654 ἐστιν
963 2599 995 2653 Β.

68 2670 128 2728 ἐστι
147 2673 198 2764 τῷ]
219 2670 287 2727 ἔστω
307 2692 334 2743 q.
425 2677 467 2726 25.
486 2669 767 2740 παραλληλεπιπέδου
786 2660 871 2742 ὕψος]
892 2688 945 2726 om.
961 2669 995 2724 V.

68 2750 112 2798 27.
133 2740 210 2815 ἔστι]
230 2760 284 2799 om.
303 2742 336 2799 V.
