2468 3952
78 189 145 255 420
472 192 654 244 APPENDIX
671 193 707 243 11.

78 359 161 420 τρον
189 332 257 400 ἐστὶ
285 336 347 400 τού
375 331 513 418 περὶτὰ
537 339 592 417 Μ,
623 338 668 418 Γ,
697 338 740 416 0,
771 339 801 399 Y
820 345 945 418 σημεῖα
966 332 1097 401 κύκλου.

79 439 267 527 ἐπεζεύχθω
295 436 316 523 ἡ
346 444 421 507 ΨΓ.
465 438 521 507 καλ
549 439 619 507 ἐπεὶ
646 436 893 528 τετράπλευρον
924 441 962 507 ἐν
991 439 1097 529 κύκλῳ

80 548 149 614 ἐστὶ
176 546 214 614 τὸ
247 550 398 631 ΜΓΟῬ,
430 546 487 613 καὶ
513 558 603 633 τρεῖς
629 549 667 613 αί
695 555 785 631 YM,
818 552 901 630 ΜΓ,
933 550 1002 613 ΓΟ
1034 553 1098 613 ίσαι

80 649 238 740 ἀλλήλαις
260 655 364 737 είσίν,
390 652 446 719 καὶ
473 657 593 738 μείζων
617 653 709 721 ἐστίν
731 651 753 740 ἡ
775 658 852 720 ΜΓ
870 655 932 738 τῆς
958 657 1038 737 ΥΟ,
1064 650 1097 719 τὸ

80 761 146 845 ἄρα
179 755 244 825 ἀπὸ
272 767 331 843 τῆς
358 762 436 824 ΜΓ
456 769 518 826 τοῦ
546 756 611 827 ἀπὸ
638 771 699 846 τῆς
721 766 788 829 ΓΦ
815 756 931 846 μεῖζόν
959 760 1054 826 ἐστιν
1078 753 1096 842 ἢ

81 861 269 933 διπλάσιον.
309 862 407 950 ἤχθω
430 862 497 931 άπὸ
519 874 582 934 τοῦ
605 872 683 934 ΜΕ
703 866 756 934 ἐπί
778 865 842 952 τὴν
865 870 936 932 ΓΦ
956 862 1098 942 κάθετος

80 969 101 1058 ἡ
126 977 213 1040 ΜΩ.
256 970 313 1037 καί
336 970 405 1038 ἐπεὶ
429 969 581 1038 ἐλάσσων
609 971 700 1038 ἐστὶν
724 970 745 1059 ἡ
769 977 836 1040 ΓΩ
857 981 918 1057 τῆς
940 976 1030 1055 ΩΔ,
1058 967 1098 1048 άς

81 1078 119 1145 δὲ
141 1075 162 1163 ἡ
187 1081 255 1144 ΓΩ
277 1074 361 1164 πρὸς
382 1073 444 1163 τὴν
467 1082 556 1161 ΩΔ,
584 1076 691 1156 οὕτως
712 1077 751 1145 τὸ
779 1076 845 1144 άπὸ
869 1087 929 1163 τῆς
951 1083 1021 1144 ΓΩ
1043 1085 1097 1143 τοῦ

81 1182 146 1253 άπὸ
170 1187 228 1269 τῆς
250 1189 344 1268 ΩΜ,
370 1181 412 1249 τὰ
439 1183 506 1268 ἄρα
532 1181 597 1250 άπὸ
626 1187 694 1251 τῶν
718 1189 798 1262 ΓΩ,
826 1189 911 1251 ΩΜ
932 1181 1097 1251 ἐλάσσονά

82 1293 151 1359 ἐστι
177 1299 239 1356 τοῦ
269 1287 321 1367 δὶς
348 1285 413 1355 ἆπό
441 1299 510 1356 τῶν
534 1294 619 1356 ΜΩ.
665 1286 750 1357 άλλά
773 1288 812 1357 τὸ
834 1286 901 1356 άπὸ
926 1299 998 1357 τῶν
1022 1293 1097 1372 ΓΩ,

82 1401 165 1463 ΩΜ
183 1403 260 1462 ίσον
283 1395 354 1462 ἐστί
376 1398 422 1485 τῷ
445 1392 511 1462 άπὸ
530 1399 588 1481 τῆς
606 1402 687 1464 ΜΓ.
718 1394 757 1463 τὸ
780 1393 846 1483 ἄρα
865 1392 932 1463 άπὸ
950 1399 1013 1482 τῆς
1031 1398 1100 1462 ΜΓ

82 1499 226 1570 ἔλασσόν
249 1501 319 1567 ἐστι
341 1503 404 1568 τοῦ
427 1500 480 1580 δὶς
502 1498 567 1567 ἀπὸ
590 1505 657 1568 τῶν
686 1506 767 1568 ΜΩ.
811 1500 850 1569 τὸ
882 1500 920 1569 δὲ
948 1499 1017 1570 ἀπὸ
1045 1510 1099 1587 τῆς

83 1613 159 1676 ΜΓ
177 1611 239 1675 τοῦ
262 1604 327 1674 άπὸ
351 1609 411 1692 τῆς
433 1611 508 1673 ΓΨ
532 1605 645 1692 μεῖζόν
669 1609 759 1674 ἐστιν
783 1603 803 1693 ἢ
828 1606 1020 1676 διπλάσιον.
1064 1606 1098 1674 τὸ

84 1712 148 1802 άρα
172 1710 237 1781 άπὸ
262 1716 320 1799 τῆς
338 1717 415 1780 ΜΩ
437 1723 498 1780 τοῦ
523 1710 589 1780 άπὸ
613 1716 672 1798 τῆς
690 1719 764 1780 ΓΨ
780 1712 893 1800 μεῖζόν
912 1715 1015 1782 ἐστιν.
1046 1712 1099 1780 καί

83 1821 153 1889 ἐπεὶ
177 1827 231 1906 ίση
258 1818 348 1886 ἐστίν
376 1816 397 1905 ἡ
421 1824 482 1886 ΓΑ
504 1822 544 1906 τῇ
566 1826 660 1903 ΑΜ,
690 1825 767 1887 ίσον
795 1819 863 1886 ἐστὶ
890 1817 929 1887 τὸ
953 1817 1021 1886 άπὸ
1045 1823 1100 1905 τῆς

82 1933 144 1995 ΓΘ
165 1930 211 2018 τῷ
235 1923 300 1992 άπὸ
324 1929 383 2010 τῆς
406 1928 489 1992 ΑΜ.
527 1922 612 1993 ἄλλα
634 1934 680 2015 τῷ
704 1925 766 2011 μὲν
789 1923 855 1992 άπὸ
877 1928 938 2011 τῆς
960 1931 1023 1992 ΓΑ
1046 1932 1100 1993 ίσα

83 2034 153 2101 ἐστὶ
175 2030 214 2100 τά
239 2030 305 2098 ἀπὸ
328 2033 397 2098 τῶν
415 2036 503 2116 ΓΨ,
533 2037 612 2099 ΨΑ.
654 2029 742 2119 ὀρθὴ
765 2031 832 2119 γάρ
855 2033 948 2098 ἐστιν
972 2027 994 2116 ἡ
1018 2030 1101 2116 πρὸς

82 2143 127 2232 τῷ
157 2145 194 2206 Ψ
217 2143 334 2224 γωνία.
383 2141 430 2226 τῷ
459 2137 497 2205 δὲ
519 2135 584 2204 ἀπὸ
612 2141 672 2222 τῆς
694 2143 771 2204 MA
799 2144 856 2204 ίσα
878 2136 949 2204 ἐστὶ
972 2134 1013 2203 τὰ
1037 2133 1101 2204 άπὸ

85 2249 154 2314 τάν
173 2250 266 2330 ΜΩ,
289 2250 367 2311 ΩΑ.
410 2241 499 2331 ὀρθὴ
523 2242 587 2330 γάρ
611 2245 702 2312 ἐστιν
724 2241 746 2330 ἡ
765 2240 833 2312 ὑπὸ
851 2249 963 2310 ΜΩΑ
984 2249 1101 2329 γωνία.

81 2349 123 2419 τά
151 2349 215 2418 άπὸ
242 2353 310 2417 τῶν
333 2356 423 2435 ΓΨ,
454 2357 525 2416 ΨΑ
552 2356 610 2416 ίσα
636 2349 706 2418 ἐστὶ
732 2361 802 2430 τοῖς
824 2346 890 2416 άπὸ
917 2351 986 2417 τῶν
1010 2354 1102 2434 ΜΩ,

82 2461 171 2540 ΩΑ,
200 2448 248 2523 ὧν
275 2454 313 2523 τὸ
340 2454 406 2524 άπὸ
434 2466 493 2543 τῆς
515 2462 593 2523 ΜΩ
620 2454 733 2543 μεῖζόν
761 2457 830 2524 ἐστι
857 2465 920 2523 τοῦ
947 2454 1016 2522 άπὸ
1045 2460 1103 2541 τῆς

83 2566 116 2628 Γ
123 2567 165 2629 Ψ.
213 2559 335 2629 λοιπὸν
363 2562 429 2650 άρα
455 2560 492 2629 τὸ
521 2559 587 2630 άπὸ
613 2565 672 2649 τῆς
703 2569 775 2630 ΨΑ
801 2560 916 2649 μεῖζόν
942 2563 1014 2629 ἐστι
1042 2566 1102 2630 τού

84 2666 150 2737 άπὸ
174 2671 234 2754 τῆς
255 2673 334 2737 ΑΩ.
376 2673 495 2754 μείζων
518 2665 628 2756 αραὴ
657 2671 724 2736 ΨΑ
745 2671 804 2753 τῆς
822 2673 904 2735 ΑΩ·
928 2664 950 2753 ἡ
975 2667 1014 2736 δὲ
1033 2674 1102 2736 ΑΩ

85 2780 205 2859 μείζων
223 2774 293 2842 ἐστὶ
310 2777 369 2860 τῆς
387 2776 423 2843 ἐκ
440 2777 501 2842 τού
519 2776 661 2860 κέντρου
673 2777 732 2860 τῆς
746 2772 929 2852 ἐλάσσονος
946 2779 1103 2863 σφαίρας.

84 2882 196 2970 πολλῷ
220 2877 286 2966 άρα
308 2879 330 2966 ἡ
353 2887 421 2948 ΨΑ
443 2885 564 2966 μείζων
582 2879 650 2947 ἐστὶ
673 2883 732 2966 τῆς
749 2882 785 2948 ἐκ
802 2884 864 2949 τοῦ
881 2880 1026 2966 κέντρου
1044 2885 1104 2967 τῆς

86 2985 269 3066 ἐλάσσονος
287 2991 439 3074 σφαίρας.
474 2987 531 3053 καὶ
548 2983 569 3070 ἡ
584 2992 664 3053 ΑΨ
678 2986 822 3068 κάθετος
840 2987 893 3057 ἐπὶ
906 2985 944 3055 τὸ
961 2994 1005 3054 Μ
1006 2993 1107 3055 ΓΟΤ

86 3091 244 3160 ἐπίπεδόν
273 3094 372 3160 ἐστιν.
422 3089 459 3160 τὸ
488 3090 553 3178 άρα
576 3097 721 3159 ΜΓΟΥ
745 3094 903 3161 ἐπίπεδον
931 3091 974 3161 ού
1001 3095 1103 3174 ψαύει

85 3201 144 3284 τῆς
176 3196 358 3277 ἐλάσσονος
389 3202 543 3285 σφαίρας.
593 3195 649 3264 διὰ
681 3195 722 3264 τά
754 3195 839 3266 αύτά
872 3196 915 3284 δὴ
942 3199 1001 3266 καὶ
1028 3199 1104 3268 ἑκά·

85 3329 183 3392 τερον
211 3307 279 3370 τάν
306 3310 455 3389 ΥΟΠΤ,
486 3310 557 3370 ΤΠ
561 3311 626 3371 ΡΣ
650 3302 903 3391 τετραπλεύρων
930 3302 972 3372 ού
1000 3305 1104 3387 ψαύει

85 3412 143 3494 τῆς
162 3408 344 3489 ἐλάσσονος
363 3414 522 3496 σφαίρας,
545 3406 627 3478 οὐδὲ
644 3407 682 3477 τὸ
697 3416 735 3476 Ν
737 3416 804 3477 ΣΡ
818 3415 987 3497 τρίγωνον
1001 3414 1105 3493 ψαύει

85 3516 144 3601 τῆς
162 3513 342 3595 ἐλάσσονος
360 3521 513 3604 σφαίρας.
545 3514 606 3585 ἐὰν
630 3513 671 3602 δὴ
691 3517 727 3584 ἐν
747 3514 867 3604 ἑκάστῃ
885 3520 955 3585 τάν
972 3522 1106 3586 λοιπῶν
