2468 3952
135 162 202 227 264
506 162 708 214 mommsen
726 158 774 230 ιγ’.

134 305 191 372 καὶ
219 306 257 372 τὸ
286 310 397 390 μεῖζον
424 304 534 390 τμῆμά
559 304 649 370 ἐστιν
672 329 692 388 η
717 307 792 388 ΑΓ,
820 300 857 368 τὸ
887 298 951 387 άρα
978 298 1045 368 ὑπὸ
1069 307 1153 384 ΑΒ,

136 416 204 478 ΒΓ
230 414 276 502 τῷ
305 408 370 478 άπὸ
394 416 463 478 ΑΓ
487 417 562 477 ίσον
591 412 690 477 ἐστίν.
740 407 778 476 τό
807 406 873 496 άρα
901 404 965 475 ιἰπὸ
999 411 1059 492 τῆς
1088 411 1160 473 ΑΓ

136 513 306 602 ἀποτομῆς
337 515 426 604 παρὰ
458 515 520 601 τῆν
547 522 613 582 ΑΒ
645 513 750 601 ῥητὴν
782 511 1000 601 παραβληθὲν
1029 513 1156 594 πλάτος

136 636 226 690 ποιεῖ
246 621 308 708 τῆν
324 628 392 690 ΒΓ.
429 621 467 690 τὸ
487 621 525 689 δὲ
544 620 602 689 άπὶ
627 619 796 707 ἀποτομῆς
814 618 903 706 παρὰ
922 619 1029 706 ῥητῆν
1048 643 1154 708 παροι-

137 832 202 922 άρα
220 833 333 922 πρώτη
353 833 444 902 ἐστὶν
463 831 484 918 ῆ
500 839 570 901 ΓΒ.
594 835 728 920 ἐδείχθη
749 832 786 900 δὲ
804 832 860 899 καὶ
878 829 899 917 ἡ
914 837 975 899 ΓΑ
992 829 1158 920 άποτομῆ.

201 941 279 1009 Ἐὰν
294 939 359 1026 άρα
375 936 492 1009 εὐθεῖα
506 940 588 1028 ρητῆ
602 938 707 1028 ἄκρον
721 939 777 1006 καὶ
791 940 894 1025 μέσον
908 937 1012 1024 λόγον
1026 944 1159 1028 τμηθῆ,

137 1048 295 1133 ἑκάτερον
326 1051 395 1116 τών
426 1046 605 1133 τμημάτων
636 1043 759 1131 άλογός
791 1048 881 1114 ἐστιν
909 1042 930 1131 ῆ
961 1047 1158 1132 καλουμένη

136 1154 300 1241 άποτομῆ·
325 1152 406 1241 ὅπερ
430 1157 497 1220 ἔδει
522 1154 635 1233 δεῖξαι.

86 1349 119 1398 ιο
629 1328 665 1410 ζ’.

203 1451 289 1521 Ἐάν
321 1455 579 1540 πενταγώνου
612 1450 853 1538 ἰσοπλεύρου
881 1453 922 1518 αί
950 1465 1056 1539 τρεῖς
1084 1479 1160 1538 γω·

20 1553 21 1559 ά
137 1565 222 1628 νίαι
246 1560 333 1645 ῆτοι
356 1561 397 1626 αί
418 1561 513 1627 κατὰ
537 1560 577 1627 τὸ
602 1559 688 1643 ἑξῆς
710 1553 731 1642 ῆ
755 1561 798 1624 αί
818 1556 866 1644 μῆ
887 1555 1045 1626 κατὰτὸ
1065 1558 1160 1644 ἑξῆς

140 1673 222 1733 ίσαι
247 1656 358 1750 ώσιν,
383 1664 599 1752 ἰσογώνιον
623 1669 731 1732 ἔσται
754 1662 796 1731 τὸ
821 1662 1087 1750 πεντάγωνον.

183 1771 412 1859 Πενταγώνου
434 1769 497 1859 γάρ
522 1769 723 1856 ἰσοπλεύρου
745 1773 807 1838 τοῦ
826 1775 996 1838 ΑΒΓΔΕ
1012 1773 1052 1836 ιιί
1066 1783 1161 1856 τρεῖς

87 1895 121 1946 15
140 1884 260 1965 γωνίαι
283 1878 446 1967 πρότερον
470 1880 508 1945 αί
527 1876 610 1945 κατὰ
633 1874 670 1944 τὸ
695 1877 770 1961 ἑξῆς
792 1881 830 1943 αί
849 1874 932 1965 πρὸς
950 1889 1019 1956 τοῖς
1038 1885 1085 1962 Α,
1112 1883 1160 1963 Β,

139 1990 172 2052 Γ
195 1993 265 2052 ίσαι
293 1983 453 2071 άλλῆλαις
479 1988 642 2052 ἔστωσαν·
671 1983 771 2069 λέγω,
800 1983 852 2050 ὅτι
880 1981 1062 2069 ἰσογώνιόν
1086 1984 1161 2051 ἐστι

138 2091 176 2160 τὸ
202 2097 372 2160 ΑΒΓΔΕ
392 2090 619 2177 πεντάγωνον.

203 2196 474 2285 Ἐπεξεάχθωσάν
501 2195 565 2284 γάρ
594 2199 632 2263 αί
656 2205 688 2264 Α
696 2202 739 2282 Γ,
767 2203 846 2281 ΒΕ,
875 2203 949 2265 ΖΔ.
1000 2197 1056 2263 καὶ
1085 2198 1162 2266 ἐπεῖ

140 2304 203 2373 δύο
228 2307 266 2371 αί
286 2310 363 2389 ΓΒ,
391 2311 457 2370 ΒΑ
481 2304 558 2371 δυσὶ
581 2317 652 2384 ταῖς
675 2310 757 2390 ΒΑ,
785 2311 854 2370 ΑΕ
880 2311 949 2370 ίσαι
973 2302 1059 2371 είσίν
1084 2303 1159 2370 ἕνα·

86 2427 122 2476 νο
140 2411 219 2497 τέρα
243 2409 395 2499 ἑκατέρᾳ,
426 2409 481 2476 καὶ
504 2414 611 2494 γωνία
639 2406 659 2496 ἡ
682 2405 748 2477 ὑπὸ
773 2414 871 2476 ΓΒΑ
894 2412 1001 2498 γωνίηι
1024 2411 1064 2495 τῆ
1089 2405 1160 2478 ὑπὸ

140 2523 243 2584 ΒΑΕ
265 2517 355 2583 ἐστιν
379 2523 451 2602 ίση,
474 2514 570 2600 βάσις
593 2513 658 2603 άρα
682 2512 701 2602 ῆ
722 2521 791 2583 ΑΓ
804 2514 900 2601 βάσει
919 2518 959 2603 τῆ
978 2521 1047 2581 ΒΕ
1064 2517 1161 2584 ἐστιν
1192 2517 1196 2528 '

140 2631 212 2707 ίση,
240 2621 296 2688 καὶ
323 2619 360 2688 τὸ
385 2627 490 2688 ΑΒΓ
506 2625 672 2709 τρίγωνον
698 2624 744 2714 τῷ
769 2628 871 2689 ΑΒΕ
891 2622 1042 2712 τριγώνῳ
1068 2627 1161 2708 ίσον,

139 2728 196 2795 καὶ
215 2731 252 2795 αί
268 2728 382 2796 λοιπαὶ
400 2733 521 2814 γωνίαι
539 2741 611 2809 ταῖς
629 2736 760 2807 λοιπαῖς
773 2731 912 2814 γωνίαις
926 2734 995 2794 ίσαι
1011 2731 1163 2814 ἔσονται,

140 2831 200 2921 ὑφ’
237 2829 276 2913 ἃς
307 2835 344 2901 αί
376 2841 446 2901 ίσαι
478 2835 619 2919 πλευραὶ
650 2830 903 2920 ὑποτείνουσιν,
939 2830 960 2919 ῆ
994 2831 1055 2918 μὲν
1088 2829 1160 2902 ὑπὸ

87 2946 235 3008 ιιαΓΛ
257 2944 298 3030 ιγ
321 2937 387 3009 ὑπὸ
411 2947 528 3024 ΒΕΑ,
556 2938 576 3026 ἡ
606 2940 643 3008 οε
670 2936 735 3009 ὑπὸ
760 2948 864 3008 ABE
889 2943 928 3028 ιη
956 2936 1022 3006 ὑπὸ
1047 2943 1162 3006 ΓΑΒ·

141 3047 225 3116 ώστε
255 3047 312 3114 καὶ
344 3047 470 3134 πλευρὰ
504 3045 525 3134 ῆ
553 3055 618 3113 ΑΖ
649 3049 776 3134 πλευρᾷ
808 3050 848 3134 τῆ
877 3053 937 3112 ΒΖ
971 3046 1060 3112 ἐστιν
1092 3053 1163 3132 ίση.

141 3156 277 3240 ἐδείχθη
302 3152 339 3221 δὲ
362 3154 417 3221 καὶ
441 3152 503 3240 ὅλη
527 3149 547 3239 ῆ
567 3158 636 3220 ΑΓ
655 3150 715 3241 ὅλη
740 3156 778 3241 τῆ
803 3160 870 3219 ΒΕ
891 3159 959 3237 ίση·
983 3151 1038 3217 καὶ
1057 3149 1161 3237 λοιπῆ

214 3355 237 3404 1.
257 3348 330 3402 Ante
350 3350 402 3403 καί
417 3349 481 3405 add.
500 3345 573 3403 κατὰ
593 3350 624 3403 τὸ
646 3351 672 3401 Γ
688 3347 721 3403 V.
830 3352 852 3400 Α
858 3350 913 3400 ΒΓ
928 3344 962 3400 V.
1053 3351 1080 3399 2.
1100 3341 1167 3400 ἐστί

141 3419 201 3475 BV.
258 3427 282 3475 4.
303 3415 459 3491 ἀποτομῆς]
479 3415 550 3475 άπο-
570 3436 653 3489 supra
668 3437 719 3475 scr.
732 3437 769 3473 m.
784 3423 800 3471 2
814 3416 846 3470 Β.
912 3421 936 3471 6.
953 3415 1016 3486 ΓΑ]
1031 3419 1088 3470 ΑΓ
1099 3415 1162 3473 BV.

216 3497 239 3545 ῖ.
260 3488 329 3562 ῥητή
349 3523 382 3532 -
403 3497 427 3547 9.
448 3491 567 3562 θεῖξαι]ι
586 3514 621 3538 ω
639 3489 701 3544 BV.
774 3494 799 3544 8.
819 3485 922 3559 άλογον
941 3488 971 3542 Ρ.
1046 3485 1109 3555 Seq.
1131 3488 1164 3543 in
