2468 3952
142 198 206 262 172
512 200 714 253 ΣΤοιΧεινΝ
733 193 784 271 ιμ’.

139 340 254 427 βάσεις
280 340 336 407 καὶ
364 338 451 421 ὕψος
478 349 570 427 ἴσον,
599 346 690 409 ἔστιν
718 338 784 427 άρα
812 335 857 418 ὡς
883 334 905 424 ἡ
927 343 1037 404 ΑΔΕ
1062 335 1165 422 βάσις

139 445 223 534 πρὸς
241 444 304 533 τὴν
323 453 424 515 ΖΗΘ
442 446 554 533 βάσιν,
574 445 682 528 οὕτως
704 444 725 533 ἡ
744 450 900 513 ΑΔΕΜ
912 442 1059 529 πυραμίς
1077 443 1165 530 πρὸς

140 552 204 640 τὴν
227 561 372 622 ΖΗΘΝ
390 559 570 644 πυραμίδα.
617 551 690 621 ἀλλ’
717 550 761 632 ὡς
785 549 806 638 ἡ
832 557 933 618 ΑΔΕ
954 547 1052 634 βάσις
1075 549 1163 638 πρὸς

140 657 201 746 τὴν
230 665 400 728 ΑΒΓΔΕ
430 660 547 746 βάσιν,
580 657 687 740 οὕτως
718 651 762 746 ἦν
789 656 810 744 ἡ
839 663 985 724 ΑΔΕΜ
1014 655 1164 743 πυραμίς

106 782 121 832 5
142 765 225 854 πρὸς
247 765 310 851 τὴν
330 773 549 834 ΑΒΓΔΕΜ
565 770 747 853 πυραμίδα.
774 765 831 833 καί
855 761 899 832 δι’
928 772 1004 831 ίσου
1026 759 1093 851 άρα
1119 757 1165 842 ὡς

141 868 162 958 ἡ
191 876 362 938 ΑΒΓΔΕ
391 872 490 958 βάσις
521 873 605 959 πρὸς
631 871 694 960 τὴν
722 879 823 939 ΖΗΘ
854 868 971 957 βάσιν,
1004 866 1115 948 οὕτως
1142 865 1164 954 ἡ

142 983 361 1046 ΑΒΓΔΕΜ
373 978 518 1065 πυραμὶς
532 979 615 1066 πρὸς
628 977 691 1066 τὴν
708 985 853 1046 ΖΗΘΝ
862 980 1043 1065 πυραμίδα.
1076 971 1164 1042 άλλδι

142 1083 210 1170 μὴν
232 1083 289 1151 καί
312 1080 357 1162 ὡς
378 1080 400 1169 ἡ
420 1090 522 1152 ΖΗΘ
544 1083 643 1170 βάσις
663 1083 747 1172 πρὸς
768 1085 831 1171 τὴν
851 1088 1025 1150 ΖΗΘΚΛ
1047 1078 1165 1165 βάσιν,

143 1185 250 1268 οὕτως
272 1181 316 1275 ἦν
334 1189 389 1256 καὶ
408 1185 429 1275 ἡ
450 1197 596 1258 ΖΗΘΝ
609 1190 755 1276 πυραμὶς
773 1188 856 1275 πρὸς
874 1191 936 1275 τὴν
951 1191 1170 1255 ΖΗΘΚΛΝ

91 1311 124 1360 10
142 1299 323 1382 πυραμίδα.
359 1296 415 1363 καί
447 1294 492 1364 δι’
528 1305 605 1365 ίσου
637 1296 703 1385 άρα
735 1294 781 1376 ιδς
812 1295 833 1384 ἡ
861 1299 1035 1365 ΑΒΓΔΕ
1065 1293 1167 1381 βάσις

142 1399 226 1484 πρὸς
239 1398 302 1485 τὴν
316 1408 494 1469 ΖΗΘΚΛ
507 1403 619 1489 βάσιν,
635 1401 742 1483 οὕτως
756 1401 820 1490 ἡΑ
825 1411 854 1470 Β
860 1409 922 1470 ΓΔ
930 1408 1009 1470 ΕΜ
1017 1400 1167 1488 πυραμὶς

144 1503 228 1591 πρὸς
251 1504 313 1591 τὴν
337 1513 556 1576 ΖΗΘΚΛΝ
574 1513 758 1597 πυραμίδα·
782 1509 865 1599 ὅπερ
885 1512 953 1576 ἔδει
967 1508 1084 1589 δείξαι.

214 1829 301 1893 Πάν
341 1832 491 1916 πρίσμα
527 1832 726 1915 τρίγωνον
767 1832 861 1915 ἔχον
898 1826 1018 1914 βάσιν
1060 1830 1168 1894 διαι-

93 1947 125 1995 15
145 1945 273 2017 ρελται
297 1937 353 2012 είς
375 1946 483 2018 τρεῖς
506 1937 730 2021 πυραμίδας
758 1931 1061 2020 ίσας-άλλήλαις
1083 1960 1167 2018 τρι·

145 2036 302 2123 γάνους
325 2038 461 2123 βάσεις
485 2038 661 2124 ἐχούσας.

203 2141 311 2211 Ἔστω
339 2150 481 2231 πρίσμα,
510 2136 552 2213 οὗ
581 2145 679 2231 βάσις
706 2144 768 2231 μὲν
796 2144 834 2212 τδ
859 2151 965 2213 ΑΒΓ
984 2150 1167 2231 τρίγωνον,

146 2248 348 2316 ἀπεναντίον
381 2249 419 2317 δὲ
449 2249 487 2318 τὸ
522 2258 634 2319 ΔΕΖ·
672 2251 772 2337 λέγω,
806 2248 857 2319 ὅτι
889 2250 926 2319 τὸ
961 2256 1167 2318 ΑΒΓΔΕΖ

145 2360 273 2442 πρίσμα
301 2358 477 2442 διαιρεῖται
505 2360 552 2436 είς
574 2369 662 2443 τρεῖς
689 2360 879 2443 πυραμίδας
903 2364 977 2437 ίσας
1004 2353 1167 2443 ἀλλήλαις

92 2474 128 2523 20
146 2458 332 2546 τριγώνους
356 2459 495 2546 ἐχούσας
517 2460 639 2548 βάσεις.

210 2562 483 2653 Ἐπεζεύχθωσαν
505 2565 569 2654 γάρ
594 2571 631 2634 αί
647 2576 727 2654 ΒΔ,
751 2575 824 2654 ΕΓ,
847 2574 918 2637 ΓΔ.
952 2568 1021 2635 ἐπεὶ
1039 2575 1166 2654 παραλ-

146 2670 384 2759 ληλόγραμμόν
422 2674 490 2740 ἐστι
522 2672 560 2741 τδ
594 2681 743 2759 ΑΒΕΔ,
780 2675 955 2760 διάμετρος
987 2673 1025 2741 δὲ
1058 2672 1166 2741 αὐτοῦ

147 2779 237 2845 ἐστιν
269 2774 290 2863 ἡ
318 2786 397 2863 ΒΔ,
430 2787 506 2847 ίσον
538 2778 603 2868 άρα
632 2782 700 2849 ἐστὶ
728 2778 765 2848 τὸ
795 2787 895 2848 ΑΒΔ
922 2786 1091 2868 τρίγωνον
1117 2782 1166 2872 τῷ

147 2890 246 2950 ΕΒΔ
267 2883 433 2976 τριγώνῳ·
460 2885 516 2952 καὶ
539 2882 560 2972 ἡ
584 2885 729 2974 πυραμὶς
752 2884 833 2973 άρα,
856 2877 896 2972 ἧς
918 2884 1017 2972 βάσις
1039 2885 1102 2973 μὲν
1125 2883 1166 2953 τὸ

94 3003 128 3054 25
147 2997 247 3057 ΑΒΔ
273 2995 450 3077 τρίγωνον,
483 2990 615 3079 κορυφὴ
647 2991 685 3059 δὲ
712 2990 749 3059 τὸ
774 2997 807 3058 Γ
830 3003 981 3078 σημεῖον,
1009 2998 1065 3076 ίση
1095 2991 1166 3060 ἐστὶ

146 3099 320 3183 πυραμίδι,
338 3085 379 3182 ἧς
396 3095 494 3182 βάσις
507 3099 568 3183 μέν
584 3099 653 3165 ἐστι
667 3094 705 3163 τδ
721 3103 822 3164 ΔΕΒ
836 3101 1015 3183 τρίγωνον,
1029 3096 1166 3184 κορυφὴ

147 3201 185 3269 δὲ
208 3200 245 3269 τὸ
266 3207 298 3268 Γ
316 3214 464 3289 σημεῖον.
497 3199 582 3271 άλλδι
605 3199 626 3289 ἡ
650 3207 810 3290 πυραμίς,
833 3194 873 3288 ἧς
896 3202 993 3289 βάσις
1013 3203 1075 3289 μέν
1096 3205 1168 3272 ἐστι

220 3384 243 3433 1.
263 3378 312 3432 καὶ
330 3373 404 3447 ὕψος
424 3379 497 3449 ἴσον]
517 3378 567 3433 ιιαλ
584 3375 641 3463 άπὸ
660 3376 692 3435 τὸ
712 3375 782 3434 αὐτὸ
801 3377 876 3448 ὕψος
893 3380 991 3435 Tbeon
1009 3378 1129 3506 (Bqui'

148 3454 171 3502 2.
186 3453 266 3531 ΖΒΑ
282 3450 379 3504 Theon
394 3449 562 3538 (Byqffi‘ut
578 3451 626 3506 lm.
648 3458 672 3518 6,
692 3457 716 3507 8.
773 3457 797 3507 3.
818 3454 930 3506 ΖΚΛΝ
948 3451 1089 3539 ΈὴεουίΒ
1125 3453 1168 3522 q),

147 3520 337 3589 ut11n.7,9.
427 3525 479 3574 αλλ
511 3541 548 3583 ως
567 3554 600 3562 -
620 3526 644 3576 5.
664 3522 823 3592 πυραμίδα]
853 3517 917 3576 ἐπεὶ
936 3541 987 3577 ουν
1004 3518 1079 3578 ἐστιν
1099 3526 1166 3594 (om.
