2468 3952
161 181 226 246 338
533 176 735 233 ΣΤΟΙΧΕΙΩΝ
753 177 803 249 ιγ’.

162 324 273 390 άπασα
296 320 362 409 γάρ
386 320 501 410 στερεά
524 327 631 408 γωνία
653 319 720 391 ὑπὸ
744 320 939 391 ἐλασσόνων
963 318 985 409 ἢ
1010 319 1181 410 τεσσάρων

162 428 280 518 ὀρθῶν
298 430 490 518 περιέχεται.
523 428 579 496 διὰ
598 428 638 497 τά
658 427 744 497 αύτά
764 428 806 516 δὴ
827 427 909 497 οὐδὲ
925 425 993 496 ὑπὸ
1014 427 1180 497 πλειόνων

161 532 182 624 ἢ
206 538 239 617 ἓξ
263 545 399 623 γωνιῶν
421 538 587 605 ἐπιπέδων
611 534 727 623 στερεά
744 540 853 622 γωνία
872 540 1082 604 συνίσταται.
1097 612 1106 618 ,
1119 532 1178 604 ύπδ

162 642 199 712 δὲ
221 643 440 731 τετραγώνων
463 646 567 730 τριῶν
595 640 616 730 ἡ
639 646 700 711 τοῦ
722 641 831 728 κύβου
852 647 961 728 γωνία
983 643 1180 730 περιέχεται·

126 748 227 818 οὑπὸ
254 749 292 818 δὲ
318 748 490 836 τεσσάρων
519 747 703 818 άδύνατον·
732 753 865 817 ἔσονται
892 747 958 837 γὰρ
984 747 1095 816 πάλιν
1117 749 1179 816 τέσ·

161 876 261 941 σαρες
293 852 405 942 ὀρθαί.
454 852 520 923 ὑπὸ
554 854 592 922 δὲ
624 854 849 942 πενταγώνων
882 852 1098 941 ἰσοπλεύρων
1130 854 1178 922 καὶ

162 967 371 1049 ἰσογωνίων,
400 959 466 1029 ὑπὸ
495 960 557 1047 μὲν
580 965 684 1050 τριῶν
707 959 728 1047 ἡ
751 965 813 1029 τοῦ
837 962 1090 1048 δωδεκαέδρου·
1108 951 1173 1029 ’ύπί

162 1070 200 1136 δέ
218 1068 390 1156 τεσσάρων
408 1065 593 1136 ἀδύνατον·
613 1066 718 1155 οὔσης
736 1067 801 1158 γὰρ
815 1072 875 1156 τῆς
887 1071 949 1136 τοῦ
962 1065 1178 1154 πενταγώνου
1211 1076 1216 1093 “

163 1174 364 1264 ἰσοπλεύρου
396 1179 520 1260 γωνίας
552 1173 661 1261 ὀρθῆς
691 1174 748 1241 καλ
779 1176 945 1261 πέμπτου,
965 1177 1119 1242 ’ἔσονται
1149 1175 1179 1240 αἰ

66 1338 69 1343 .
111 1300 144 1348 10
163 1284 319 1371 τέσσαρες
341 1286 462 1367 γωνίαι
484 1278 657 1368 τεσσάρων
681 1279 799 1369 ὀρθῶν
822 1287 970 1368 μείζους·
994 1280 1080 1368 ὅπερ
1105 1278 1177 1348 άδύ-

162 1413 274 1455 νατον.
321 1384 402 1455 οὐδὲ
429 1385 496 1474 μην
522 1385 590 1455 ὑπὸ
618 1386 827 1473 πολυγώνων
854 1388 976 1474 ἑτέρων
1004 1386 1179 1475 σχημάτων

162 1493 437 1581 περισχεθήσεται
461 1491 576 1580 στερεά
600 1498 707 1579 γωνία
730 1492 847 1561 διὰτὸ
871 1491 953 1560 αύτὸ
978 1490 1118 1561 άτοπον.

232 1595 303 1666 Οὐκ
326 1597 391 1685 άρα
413 1599 503 1682 παρὰ
526 1597 566 1666 τά
591 1599 750 1686 εἰρημένα
771 1600 869 1667 πέντε
891 1601 1046 1688 σχήματα
1070 1576 1179 1686 ἕτεροῖι

163 1708 272 1792 σχῆμα
301 1702 437 1793 στερεὸν
465 1703 712 1789 συσταθήσεται
735 1702 796 1772 ύπί
831 1703 1045 1792 ἰσοπλεύρων
1072 1705 1179 1773 τεκαὶ

113 1830 144 1879 15
165 1815 354 1898 ἰσογωνίων
377 1808 627 1896 περιεχόμενον·
651 1810 732 1897 ὅπερ
756 1815 824 1878 ἔδει
848 1813 962 1893 δεῖξαι.

598 2066 749 2146 Λῆμμα.

221 2182 301 2250 ’Ότι
338 2182 380 2250 δὲ
416 2181 437 2269 ἡ
474 2185 545 2251 τοῦ
583 2183 827 2270 ἰσοπλεύρου
861 2181 927 2249 καί
964 2185 1181 2270 ἰσογωνίου

162 2286 420 2373 πενταγώνου
459 2294 588 2375 γωνία
630 2285 730 2375 ὀρθή
768 2291 849 2357 ἐστι
885 2288 949 2356 καί
987 2290 1180 2375 πέμπτου,

164 2393 264 2461 οὕτω
289 2395 479 2463 δεικτέον.

109 2519 144 2568 20
221 2497 329 2566 Ἐστω
358 2497 422 2588 γάρ
449 2499 667 2588 πεντάγωνον
695 2501 896 2589 ἰσόπλευρον
918 2500 974 2569 καὶ
999 2501 1180 2590 ἰσογώνιον

162 2603 200 2672 τὸ
224 2610 409 2690 ΑΒΓΔΕ,
436 2607 492 2674 καί
519 2607 780 2697 περιγεγράφθω
807 2607 884 2695 περὶ
910 2605 993 2676 αὐτὸ
1016 2610 1143 2692 κύκλος
1164 2607 1180 2678 δ

162 2717 347 2799 ΑΒΓΔΕ,
374 2713 431 2780 καὶ
458 2714 610 2802 εἰλήφθω
638 2713 805 2782 αὐτοῦτὸ
829 2714 969 2803 κέντρον
992 2712 1030 2783 τὸ
1057 2725 1101 2804 Ζ,
1129 2716 1180 2785 καί

163 2818 416 2909 ἐπεζεύχθωσαν
440 2822 478 2887 αἰ
498 2828 574 2906 ΖΑ,
598 2827 677 2905 ΖΒ,
702 2826 772 2905 ΖΓ,
797 2827 879 2907 ΖΔ,
904 2827 974 2889 ΖΕ.
1016 2824 1097 2910 δίχα
1112 2821 1181 2911 ’άρα

163 2927 321 3012 τέμνουσι
349 2925 408 3007 τάς
437 2925 519 3015 πρὸς
542 2940 612 3007 τοῖς
635 2935 682 3013 Α,
710 2934 755 3013 Β,
784 2932 822 3012 Γ,
850 2935 895 3011 Δ,
922 2933 954 2992 Ε
979 2930 1042 2994 τοῦ
1066 2953 1180 2998 πεντα·

237 3163 262 3214 2.
282 3153 381 3225 ὀρθῶν
400 3159 512 3228 γωνιῶν
530 3175 557 3225 q.
626 3152 694 3212 ούδέ
727 3174 780 3213 om.
800 3175 832 3244 η,
851 3151 916 3211 οόδ’
935 3155 966 3213 Ρ.
1036 3154 1110 3231 3.ἤ]
1131 3176 1181 3214 om.

165 3229 196 3298 P,
216 3245 371 3299 suprascr.
391 3248 428 3285 m.
449 3236 463 3283 1
484 3230 514 3283 Β.
586 3230 697 3298 γωνιῶν
730 3247 873 3298 τριγωνων
893 3246 919 3297 q.
993 3232 1020 3285 ὅ.
1038 3227 1183 3300 τέσσαρας

162 3300 193 3354 Ρ.
280 3306 305 3354 8.
325 3298 370 3372 δέ]
391 3318 446 3355 om.
466 3319 492 3370 q.
576 3297 743 3369 ἰσοπλεύρου
761 3298 947 3369 πενταγώνου
965 3298 1000 3353 V.
1089 3306 1115 3356 9.
1135 3298 1181 3374 αἱ]

164 3388 249 3441 supra
267 3390 303 3426 m.
323 3388 378 3426 rec.
396 3371 429 3428 P.
503 3376 544 3426 10.
564 3371 707 3442 τέσσαρες]
733 3390 776 3433 -ες
793 3371 823 3425 in
841 3388 895 3426 ras.
914 3389 950 3425 m.
972 3375 985 3423 1
1005 3368 1037 3427 P.
1077 3371 1111 3426 In
1129 3389 1182 3442 mg.

163 3460 201 3495 m.
223 3448 236 3495 1
256 3458 307 3510 pro
327 3442 448 3498 scholio:
469 3437 505 3504 ῶς
524 3443 613 3508 δείξει
631 3437 764 3497 ὑποκάτω
784 3443 815 3497 Ρ.
899 3448 940 3497 11.
958 3445 1147 3511 πολυγανίων
1164 3462 1183 3498 τ

165 3514 232 3582 (non
249 3511 291 3582 P).
379 3508 495 3586 ἑτέρων]
516 3519 637 3583 στερεῶν
656 3532 683 3583 q.
776 3519 816 3569 12.
837 3508 917 3584 αύτό]
937 3528 992 3569 om.
1011 3513 1076 3571 BV.

81 3644 126 3712 ἱ
