2468 3952
144 197 210 262 228
520 199 724 253 nomm
742 193 794 271 ιμ’.

145 335 209 408 ούκ
226 339 406 427 έφάκτεται
423 344 486 408 τοῦ
504 347 642 408 ΕΖΗΘ
658 342 799 409 κύκλου·
816 345 929 433 κολλᾷ
948 341 1017 427 ἄρα
1035 342 1077 408 αἱ
1089 347 1165 427 ΛΔ,

145 452 224 513 ΔΝ
243 442 307 512 οῦκ
329 445 535 532 ἐφάπτονται
557 451 620 515 τοῦ
639 453 776 514 ΕΖΗΘ
796 447 933 515 κύκλου.
974 444 1037 515 ἐὰν
1062 447 1108 534 δή
1130 449 1165 536 τῇ

146 558 213 617 ΑΔ
235 548 356 641 εῦθείᾳ
378 561 452 632 ῖσας
468 550 552 619 κατὰ
573 551 611 620 τὸ
630 552 767 639 συνεχὲς
784 551 1023 640 ἐναρμόσωμεν
1041 557 1094 633 εἰς
1111 551 1167 622 τὸν

146 663 281 725 ΑΒΓΔ
302 655 441 733 κύκλον,
464 658 710 745 ἐγγραφήσεται
732 663 781 737 εἰς
802 658 863 727 τὸν
883 664 1019 727 ΑΒΓΔ
1040 657 1167 728 κύκλον

110 764 348 850 σκολύγωνον
370 762 575 851 ἰσόπλευρόν
597 792 632 833 τε
653 766 709 832 καλ
727 762 970 852 ἀρτιόπλευρον
986 764 1034 852 μή
1054 769 1168 846 ψαῦον

145 873 209 938 τοῦ
231 871 415 949 ἐλάσσονος
435 870 564 939 κύκλου
581 883 645 940 τοῦ
657 878 806 940 ΕΖΗΘ·
830 871 912 959 ὅπερ
931 876 999 940 ἔδει
1019 883 1168 959 ποιῆσαι.

628 1083 681 1165 ιζ’.

212 1208 297 1274 Δύο
324 1211 510 1294 σφαιρῶν
536 1208 626 1295 κερλ
655 1205 818 1277 τὸ,αύτδ
841 1208 1009 1295 κέντρον
1032 1207 1169 1277 οῦσῦν

146 1317 203 1391 εἰς
232 1311 304 1398 τήν
336 1319 499 1399 μείζονα
529 1326 709 1400 σφαῖραν
738 1311 904 1399 στερεὸν
934 1313 1169 1399 πολύεδρον

94 1435 128 1484 10
146 1418 343 1503 ἐγγράψαι
379 1419 429 1506 μή
466 1424 599 1499 ψαῦον
634 1423 702 1505 τῆς
736 1419 958 1500 ἐλάσσονος
993 1426 1170 1506 σφαίρας

145 1523 241 1591 κατὰ
265 1523 337 1610 τήν
359 1525 612 1612 ἐπιφάνειαν.

212 1630 471 1718 Νενοήσθωσαν
497 1630 563 1700 δύο
589 1645 731 1718 σφαῖραι
758 1632 834 1718 περὶ
855 1632 894 1700 τὸ
917 1630 999 1699 αύτὸ
1022 1633 1167 1718 κέντρον

145 1738 184 1806 τὸ
193 1746 239 1805 Α·
255 1743 309 1806 δεῖ
321 1738 364 1825 δὴ
379 1743 428 1819 εἰς
440 1736 503 1825 τήν
516 1745 652 1826 μειζονα
666 1751 816 1825 σφαῖραν
830 1737 966 1825 στερεὸν
975 1737 1168 1827 πολύεδρον

147 1845 312 1932 ἐγγράψαι
339 1844 384 1932 μή
407 1848 521 1925 ψαῦον
542 1849 603 1932 τῆς
625 1845 808 1924 ἐλάσσονος
829 1849 974 1931 σφαίρας
995 1843 1081 1912 κατὰ
1104 1843 1168 1932 τήν

97 1965 130 2014 15
149 1952 358 2039 ἐπιφάνειαν.

217 2058 468 2146 Τετμήσθωσαν
500 2059 539 2124 αέ
565 2071 706 2144 σφαῖραι
738 2059 883 2150 ἐπιπέδῳ
914 2057 983 2125 τινὶ
1015 2055 1074 2124 διὰ
1103 2062 1167 2126 τοῦ

145 2165 300 2250 κέντρου·
331 2171 466 2233 ἔσονται
488 2162 531 2250 δὴ
560 2166 599 2230 αλ
622 2164 720 2250 τομαὶ
746 2162 878 2250 κύκλοι,
906 2162 1083 2250 έκειδήκερ
1112 2190 1169 2251 με-

146 2269 273 2355 νούσης
298 2273 358 2355 τῆς
386 2271 566 2357 διαμέτρου
591 2270 648 2337 καὶ
674 2271 941 2356 περιφερομένου
963 2273 1024 2338 τοῦ
1046 2270 1168 2357 ἡμικυ

147 2380 244 2441 κλίου
266 2377 416 2461 ἐγίγνετο
439 2373 461 2462 ἡ
485 2389 624 2462 σφαῖρα·
652 2375 737 2445 ὥστε
758 2376 816 2444 καὶ
837 2374 919 2443 καθ’
945 2379 1018 2456 οἵας
1040 2372 1085 2445 ἂν
1107 2377 1168 2446 θέ-

93 2493 129 2543 20
149 2500 233 2559 σεως
250 2480 482 2568 ἐπινοήσωμεν
499 2481 538 2550 τὸ
557 2479 771 2568 ἡμικύκλιον,
794 2483 832 2550 τὸ
855 2480 903 2551 δι’
924 2481 1032 2551 αὐτοῦ
1049 2485 1168 2570 ἐκβαλ-

146 2586 293 2672 λόμενον
330 2588 489 2656 έκίκεδον
524 2588 656 2675 ποιήσει
692 2589 746 2658 έκλ
781 2593 841 2675 τής
878 2593 1072 2676 ἐπιφανείας
1108 2594 1170 2677 τῆς

147 2699 293 2778 σφαίρας
315 2692 450 2760 κύκλον.
482 2694 539 2761 καὶ
556 2695 720 2781 φανερόν,
743 2692 795 2763 ῦτι
812 2696 870 2763 καὶ
889 2697 1057 2781 μέγιστον,
1080 2698 1169 2764 ἐκει-

148 2798 253 2885 δήκερ
285 2798 307 2886 ἡ
339 2799 517 2885 διάμετρος
543 2803 603 2888 τῆς
634 2805 794 2887 σφαίρας,
825 2801 899 2886 ήτις
925 2802 994 2869 ἐστὶ
1022 2803 1079 2868 καὶ
1105 2807 1170 2871 τοῦ

147 2903 348 2991 ἡμικυκλίου
370 2906 548 2993 διάμετρος
570 2905 701 2993 δηλαδὴ
723 2907 779 2973 καλ
801 2910 864 2974 τοῦ
886 2906 1023 2985 κύκλου,
1046 2914 1169 2994 μείζων

93 3023 130 3074 25
148 3012 219 3078 ἐστὶ
245 3016 363 3080 κασῦν
389 3015 458 3080 τῶν
488 3016 537 3092 εἰς
557 3011 620 3080 τὸν
642 3012 767 3081 κύκλον
789 3010 812 3098 ή
834 3012 898 3100 τὴν
920 3027 1070 3100 σφαῖραν
1095 3019 1169 3082 διοι-

146 3118 300 3204 γομένων
338 3116 522 3204 [εύθειων].
577 3123 660 3187 ἔστω
698 3109 763 3187 οῦν
799 3122 837 3187 έν
873 3119 936 3206 μὲν
966 3124 1006 3207 τῇ
1039 3126 1169 3206 μειζονι

220 3318 244 3368 1.
262 3311 311 3386 αλ]
329 3311 348 3383 ἡ
367 3332 395 3383 q.
476 3320 504 3371 2.
521 3310 640 3385 κύκλον]
657 3317 740 3368 ·κλου
758 3330 828 3369 em.
847 3313 882 3369 V.
955 3311 990 3368 δέ
1008 3312 1073 3369 BV.

147 3389 173 3436 ο.
192 3384 236 3454 τε]
254 3401 310 3440 om.
328 3387 359 3441 P.
431 3390 458 3440 6.
477 3386 542 3457 τοῦ]
561 3386 632 3455 (ult)
649 3383 683 3440 τό
702 3402 730 3453 q.
800 3382 933 3454 αι’ρισμα.
961 3383 1012 3439 καὶ
1029 3382 1168 3455 φανερόν,

147 3447 193 3507 ῦτι
209 3451 228 3521 ἡ
246 3451 305 3510 διὸ
323 3456 374 3511 τοῦ
389 3462 412 3510 A
430 3454 556 3519 κάθετος
574 3453 621 3512 έκλ
634 3452 687 3542 τήν
706 3460 756 3509 ΒΔ
774 3451 828 3510 οῦκ
847 3452 993 3525 ἐφάψεται
1012 3457 1064 3511 τοῦ
1084 3453 1169 3520 ἐντὸς

147 3520 252 3579 κύκλου
269 3541 328 3594 mg.
346 3544 384 3582 m.
404 3533 420 3581 1
438 3527 469 3582 P.
561 3531 604 3583 10.
624 3523 772 3590 ἐλάττονος
789 3527 824 3582 V.
916 3533 957 3581 11.
976 3525 1166 3597 περιφέρειαν

77 3654 149 3708 ι
280 3650 285 3657 .
