2468 3952
138 198 201 260 11ss
468 178 471 183 '
504 197 705 248 ΣΤοιΧΕΙαΝ
725 193 776 252 ια’.

136 343 223 428 ρεων
241 338 581 426 παραλληλεπιπέδων
600 336 890 406 ἀντιπεπόνθασιν
905 341 943 404 αί
954 339 1069 423 βάσεις
1083 351 1157 418 τοϊς

136 443 258 527 ὕψεσιν
295 436 356 528 [ὧν
390 445 427 512 δέ
460 449 603 530 στερεῶν
639 447 980 532 παραλληλεπιπέδων
1012 443 1052 511 τά
1084 444 1155 532 ὕψη

136 549 220 638 πρὸς
249 548 357 637 ὀρθάς
380 553 449 618 ἐστι
472 564 544 630 ταῖς
566 549 707 636 βάσεσιν
731 549 855 636 αὐτῶν,
885 548 1157 619 ἀντιπεπόνθασι

138 658 175 726 δέ
199 662 236 724 αί
256 656 370 742 βάσεις
391 670 462 736 τοῖς
480 658 619 742 ὕψεσιν,
643 664 699 723 ίσα
723 656 814 723 ἐστὶν
829 659 966 741 ἐκεῖνα]·
991 665 1067 726 ίσον
1088 656 1157 746 άρα

102 764 205 833 ὅέστλ
233 762 270 831 τὸ
299 771 368 831 ΒΤ
391 762 526 850 στερεὸν
553 766 599 853 τῷ
624 770 658 828 Λ
667 770 704 829 Ψ
730 767 861 853 στερεῷ.
912 761 995 831 άλλδι
1022 763 1060 831 τὸ
1091 765 1155 852 μὲν

136 878 204 939 ΒΤ
221 875 266 962 τῷ
286 877 353 937 ΒΑ
377 878 452 937 ίσον
476 871 578 936 ἐστίν·
604 871 660 936 ἐπί
678 894 713 936 τε
736 867 800 957 γάρ
824 873 882 955 τῆς
905 867 1008 955 αὐτῆς
1026 869 1158 956 βάσεως

137 981 229 1063 [εἰσι]
254 981 312 1063 τῆς
331 982 399 1044 ΖΚ
418 977 474 1043 καὶ
497 974 563 1043 ὑπὸ
586 977 624 1043 τδ
650 973 732 1043 αὐτὸ
755 973 842 1056 ὕψος
867 967 929 1058 [ὧν
954 979 991 1043 αί
1012 979 1155 1062 ἐφεστῶ-

138 1102 192 1150 σαι
222 1082 284 1151 οὐκ
312 1084 398 1151 είσλν
429 1083 573 1150 ἐπὶτῶν
601 1079 713 1150 αότῷν
738 1079 907 1165 εὐθειῷν].
952 1080 990 1150 τδ
1014 1082 1053 1150 δέ
1076 1092 1159 1150 ΔΨ

138 1188 274 1277 στερεὸν
297 1194 343 1281 τῷ
364 1197 434 1256 ΛΓ
453 1191 574 1277 στερεῷ
599 1196 674 1256 ίσον
698 1191 789 1256 ἐστίν
815 1190 885 1271 [ἐπί
904 1214 939 1256 τε
962 1187 1027 1276 γὰρ
1052 1189 1155 1257 πάλιν

85 1317 117 1365 10
136 1301 194 1382 τῆς
217 1294 319 1381 αὐτῆς
342 1294 473 1380 βάσεώς
496 1299 560 1362 είσι
583 1299 642 1379 τῆς
660 1297 722 1370 ΞΡ
740 1295 796 1362 καὶ
815 1292 881 1362 ὑπὸ
905 1294 943 1362 τὸ
964 1293 1046 1363 αὐτὸ
1067 1293 1156 1377 ὕψος

136 1402 192 1468 καὶ
217 1399 278 1468 οόκ
302 1402 338 1468 ἐν
357 1414 429 1480 ταῖς
448 1397 564 1479 αὐταῖς
582 1398 755 1484 εόθείαις].
791 1401 847 1467 καὶ
866 1398 903 1469 τὸ
920 1409 985 1468 AB
1004 1402 1069 1488 άρα
1085 1421 1155 1469 στε-

138 1505 219 1595 ρεὸν
241 1510 286 1598 τῷ
311 1513 377 1572 ΓΔ
400 1511 520 1598 στερεῷ
546 1509 636 1574 ἐστιν
660 1515 748 1574 ίσον·
774 1504 854 1594 ὅπερ
880 1512 948 1575 ἔδει
971 1509 1085 1588 δείξαι.

613 1736 676 1803 λε’.

203 1860 290 1928 Ἐάν
319 1853 391 1929 ῷσι
419 1859 491 1928 δόο
520 1866 662 1946 γωνίαι
691 1862 871 1928 ἐπίπεδοι
899 1870 997 1946 ίσαι,
1027 1862 1088 1929 ἐπὶ
1113 1862 1156 1930 δὲ

86 1991 118 2038 15
138 1972 215 2036 τῷν
251 1971 442 2056 κορυφάν
480 1964 611 2035 αὐτῶν
649 1967 844 2054 μετέωροι
881 1964 1041 2035 εὐθεῖαι
1075 1971 1155 2036 ἐπι-

138 2079 344 2142 σταθῶσιν
377 2082 467 2153 ίσας.
496 2078 641 2159 γωνίας
668 2075 925 2160 περιέχουσαι
958 2073 1051 2160 μετδι
1077 2080 1154 2143 τῷν

30 2177 33 2181 ’
138 2182 175 2261 ἐξ
213 2178 335 2266 άρχης
368 2177 542 2248 εόθειῷν
576 2181 766 2265 ἑκατέραν
800 2179 979 2270 ἑκατέρα,
1017 2182 1079 2248 ἐπὶ
1114 2181 1156 2249 δέ

138 2290 214 2353 τῷν
238 2285 446 2372 μετεώρων
470 2289 605 2374 ληφθῇ
629 2285 802 2372 τυχόντα
826 2301 988 2372 σημεῖα,
1011 2288 1076 2354 καὶ
1095 2285 1152 2355 άπ’

139 2389 268 2459 αὐτῶν
297 2392 359 2458 ἐπὶ
387 2389 431 2458 τά
460 2394 642 2477 ἐπίπεδα,
671 2394 712 2459 ἐν
741 2385 802 2472 οἷς
830 2397 933 2460 εἰσιν
964 2395 1005 2460 αί
1027 2395 1064 2475 ἐξ
1088 2393 1155 2480 άρ-

87 2521 120 2569 20
139 2503 208 2586 χῆς
229 2503 386 2584 γωνίαι,
410 2497 576 2566 κάθετοι
600 2497 796 2585 άχθῷσιν,
830 2496 903 2566 άπὸ
930 2498 971 2566 δέ
994 2503 1071 2567 τῷν
1095 2528 1155 2586 γε-

138 2607 321 2691 νομένων
346 2610 520 2691 σημείων
545 2607 691 2685 ἐντοῖς
715 2606 917 2685 ἐπιπέδοις
941 2592 1009 2673 ἐπὶ·
1025 2606 1094 2686 τάς
1118 2609 1155 2688 ἐξ

139 2709 258 2798 ἀρχῆς
281 2717 427 2796 γωνίας
450 2713 741 2800 ἐπιζευχθῶσιν
766 2711 942 2798 εὐθεῖαι,
973 2719 1060 2791 ίσας
1083 2739 1155 2797 γω-

139 2823 228 2898 νίας
250 2819 479 2905 περιέξουσι
502 2816 596 2905 μετδι
618 2822 695 2887 τῷν
719 2816 933 2904 μετειόρων.

198 2922 372 2992 Ἔστωσαν
406 2923 468 2992 δόο
501 2931 621 3010 γωνίαι
655 2922 890 3012 εὐθύγραμμοι
923 2932 993 2990 ίσαι
1027 2927 1064 2990 αί
1089 2923 1154 2993 ὑπὸ

86 3050 120 3100 25
139 3036 253 3116 ΒΑΓ,
281 3038 398 3116 ΕΔΖ,
426 3028 489 3098 ἀπὸ
518 3030 556 3097 δέ
583 3034 651 3098 τῷν
679 3040 726 3114 Α,
760 3039 792 3096 Δ
822 3035 969 3116 σημείων
996 3031 1156 3116 μετέωροι

140 3135 271 3205 εὐθεῖαι
295 3136 528 3223 ἐφεστάτωσαν
553 3139 590 3203 αί
611 3146 643 3203 A
649 3143 699 3221 H,
723 3143 803 3203 ΔΜ
824 3144 897 3216 ἴσας
920 3142 1044 3222 γωνίας
1067 3161 1156 3224 περι-

140 3244 276 3329 έχουσαι
299 3243 378 3328 μετδι
403 3247 471 3312 τῶν
491 3245 523 3324 ἐξ
543 3239 647 3332 ἀρχῆς
665 3240 810 3311 εὐθειῶν
829 3243 988 3331 ἑκατέραν
1008 3243 1156 3334 ἑκατέρη,

212 3462 237 3509 2.
256 3452 290 3508 τά
310 3449 383 3526 ὕφη]
411 3453 444 3509 αλ
461 3452 646 3525 ἐφεστηκυῖαι
663 3457 782 3525 August.
874 3463 897 3513 3.
919 3454 989 3529 ἐστι]
1010 3479 1046 3526 φ,
1066 3475 1156 3528 comp.

140 3527 168 3594 b,
189 3523 262 3582 ἐστιν
281 3526 318 3594 Ρ,
337 3527 391 3582 εἰσι
409 3527 471 3582 BV.
549 3522 797 3582 άντιπεπόνθασιν
816 3527 877 3583 PV.
958 3534 985 3584 4.
1005 3527 1050 3600 δέ]
1071 3545 1158 3598 supra
