2468 3952
381 208 657 259 ELEMENTORUM
674 208 783 258 LIBER
801 208 848 259 XI.
1079 204 1122 269 39

104 352 266 439 dieulares
289 351 370 415 duae
393 355 500 415 rectae
525 351 565 416 ad
584 350 714 415 easdem
731 353 842 435 parles
862 351 944 435 erigi
963 372 1028 416 non
1047 372 1122 436 pos·

104 462 200 542 sunl3
223 456 310 541 quod
332 460 401 522 eral
424 456 718 522 demonstrandum.

570 632 658 698 xiv,
738 607 744 620 “

173 775 224 840 Ad
258 798 340 860 quae
369 776 467 859 plana
495 772 606 839 eadem
635 776 725 839 reela
754 773 1030 858 perpendicularis
1063 779 1121 859 esl,

106 904 147 947 ea
169 882 327 967 parallela
350 883 469 946 erunl..

173 989 275 1054 Recta
293 988 379 1053 enim
393 990 460 1051 AB
479 986 520 1052 ad
538 990 710 1070 uirumque
729 987 862 1070 planum
876 991 959 1073 ΓΔ,
974 992 1006 1070 Ε
1010 991 1037 1050 Ζ
1050 1009 1121 1072 per-

101 1094 322 1180 pendicularis
346 1094 397 1159 sil.
443 1093 524 1172 dieo,
547 1093 646 1177 plana
667 1093 828 1177 parallela
851 1115 930 1159 esse.

172 1223 248 1265 nam
277 1201 306 1266 si
333 1201 453 1284 minus,
481 1199 639 1283 producta
667 1203 866 1264 concurrent.
912 1207 1120 1286 concurranl3

102 1329 309 1372 communem
327 1307 431 1393 igitur
450 1305 626 1370 sectionem
643 1308 767 1369 reelam
784 1305 906 1371 faeienl
925 1309 1030 1393 [prop.
1048 1307 1121 1390 IIl].

101 1413 228 1479 faciani
245 1417 283 1477 H
286 1417 330 1495 Θ,
354 1415 388 1477 el
405 1413 440 1476 in
458 1414 527 1477 ΗΘ
545 1414 702 1496 punctum
721 1412 891 1495 quodlibet
909 1418 1058 1480 sumatur
1075 1419 1120 1498 Κ,

103 1523 138 1585 at
165 1519 322 1584 ducantur
346 1522 430 1601 ΑΚ,
458 1520 534 1583 ΒΚ.
580 1521 612 1582 el
641 1519 795 1602 quoniam
817 1523 883 1584 AB
911 1521 1121 1605 perpendicu-

104 1626 187 1691 laris
220 1630 271 1690 est
302 1626 343 1689 ad
374 1625 508 1709 planum
536 1628 614 1706 ΕΖ,
643 1625 742 1689 eliam
775 1626 815 1690 ad
843 1631 965 1691 restam
992 1629 1095 1691 ΒΚ
1086 1651 1121 1693 1n

688 1732 842 1918 leano
870 1737 936 1797 ΕΖ
962 1734 1120 1817 produelo

701 1755 831 1922 spusil
832 1861 885 1903 am
911 1840 1121 1922 perpendicu-

118 1861 732 2342 :W
743 1944 822 2010 laris
851 1948 902 2008 est
923 1949 998 2009 ΑΒ
1041 1965 1118 2030 ergo

744 2054 886 2127 [ΑΒΚ
924 2073 977 2115 ree
977 2053 1031 2115 lus
1070 2055 1120 2116 est

746 2157 821 2238 [.def
849 2159 891 2240 3]
943 2159 1054 2222 eadem
1081 2159 1120 2223 de

746 2287 843 2330 eausa
860 2269 892 2330 et
893 2266 958 2329 iam
981 2269 1123 2341 [ΒΑΚ

104 2397 158 2440 ree
160 2377 212 2439 lus
243 2379 301 2441 est.
156 2118 500 2460 OElfianguli
527 2375 628 2458 igilur
655 2378 764 2439 ΑΒΚ
789 2373 852 2438 duo
880 2371 994 2457 anguli
1017 2375 1124 2437 ΑΒΚ

103 2483 145 2561 -l-
162 2484 268 2545 BAK
289 2481 415 2546 duobus
438 2481 534 2545 rectis
559 2481 708 2564 aequales
732 2483 821 2563 sunl3
851 2478 937 2562 quod
956 2477 1030 2542 'fieri
1052 2500 1119 2542 non

102 2589 213 2670 potest
236 2585 279 2669 [I‚
305 2589 369 2669 17].
406 2587 515 2670 itaque
539 2587 637 2670 plana
659 2589 739 2669 ΓΔ,
754 2590 816 2650 ΕΖ
839 2607 906 2650 non
929 2587 1120 2649 concurrent

103 2691 272 2776 producta.
309 2713 385 2778 ergo
409 2694 508 2778 plana
522 2696 606 2776 ΓΔ,
625 2696 688 2758 ΕΖ
706 2691 864 2776 parallela
883 2695 960 2755 sunt
983 2692 1059 2773 [def.
1075 2694 1120 2774 8].

170 2799 260 2884 Ergo
289 2799 329 2864 ad
358 2821 440 2883 quae
467 2800 565 2884 plana
595 2800 706 2864 eadem
729 2803 819 2864 reela
841 2799 1117 2883 perpendicularis

104 2908 163 2987 est,
187 2925 225 2968 ea
247 2905 407 2989 parallela
430 2910 518 2989 sunt3
542 2905 627 2989 quod
652 2909 722 2971 erat
745 2904 1040 2970 demonstrandum.
