2468 3952
284 285 286 291 ,
370 213 646 265 nnnffluronun
663 214 773 264 unna
790 215 837 265 xn
1065 211 1111 277 43
1163 280 1168 289 .

90 358 202 420 erecta
225 358 287 440 est,
314 359 383 419 ΗΒ
407 355 505 421 etiam
529 356 569 420 ad
591 357 726 440 planum
748 359 911 422 rectarum
934 361 1021 441 BA,
1049 361 1115 422 ΒΓ

89 461 370 546 perpendicularis
390 465 440 526 est
460 464 565 546 [prop.
580 461 685 549 NJ.)
723 462 865 546 adquae
884 467 993 529 autem
1012 465 1111 547 plana

90 567 206 633 cadem
243 570 331 632 recta
367 567 642 652 perpendicularis
675 573 738 648 est,
775 590 813 633 ea
843 570 1001 652 parallelo
1034 575 1110 636 sunt

93 677 200 758 [prop.
215 671 318 755 XIV}
354 673 464 759 itaque
487 674 622 759 planum
646 679 806 740 rectarum
821 679 905 759 AB,
924 679 991 741 ΒΓ
1005 677 1110 760 paral·

90 781 193 846 lelum
218 783 268 845 est
291 780 388 864 plano
411 784 572 845 rectarum
595 784 678 862 ΔΕ,
702 785 775 846 ΕΖ.

159 885 249 971 Ergo
265 885 310 963 ‚si
343 885 423 949 duae
456 890 562 951 rectae
594 887 680 951 inter
713 909 747 951 se
779 890 951 970 tangentes
984 888 1110 953 duabus

90 992 189 1057 rectis
208 994 295 1057 inter
314 1013 347 1056 se
361 992 572 1077 tangentibus
586 993 764 1077 parallelae
779 997 854 1058 sunt
867 1014 935 1058 non
948 994 983 1058 iu
997 994 1109 1060 eodem

90 1098 191 1182 plano
213 1098 356 1181 positae,
378 1098 477 1180 plana
501 1120 611 1163 earum
634 1099 794 1181 parallelo
817 1103 905 1184 sunt3
931 1099 1017 1183 quod
1040 1103 1110 1165 erat

94 1203 393 1269 demonstrandum.

558 1325 646 1391 XVI.

159 1431 195 1497 si
218 1433 282 1498 duo
300 1433 399 1519 plana
417 1433 574 1516 parallelo
592 1433 690 1517 plano
710 1433 820 1518 aliquo
840 1439 999 1519 secantur,
1023 1458 1111 1502 com·

93 1559 209 1603 munes
233 1559 344 1603 eorum
368 1540 527 1604 sectiones
551 1538 725 1623 parallelae
749 1544 834 1604 sunt.

849 1643 1109 1732 Namdncplana

784 1753 940 1835 parallela
953 1760 986 1817 A
991 1758 1033 1839 B,
1046 1759 1110 1819 ΓΔ

783 1858 882 1942 plano
901 1863 1038 1924 ΕΖΗΘ
1059 1883 1108 1925 se-

784 1968 920 2044 centur,
965 1986 1109 2030 commu-

783 2090 840 2134 nes
864 2073 973 2135 autcm
995 2093 1107 2136 eorum

784 2176 944 2242 sectiones
955 2177 1109 2262 sinens,

785 2287 861 2348 ΗΘ.
922 2284 1007 2368 dico,
1044 2289 1109 2348 ΕΖ

783 2397 891 2455 rectae
912 2393 981 2454 ΗΘ
1003 2390 1110 2473 paral-

783 2495 882 2560 lelam
905 2517 984 2561 esse.

158 2620 234 2662 nam
258 2599 286 2662 si
309 2599 424 2682 minus,
448 2604 526 2684 ΕΖ,
547 2605 616 2666 ΗΘ
638 2603 813 2685 productae
838 2605 1030 2683 poncurrent
1053 2605 1110 2666 aut

164 2794 190 2861 1)
212 2789 307 2845 Uerba
332 2785 379 2843 διὰ
403 2786 438 2843 τά
461 2791 545 2846 lin.3
567 2788 712 2862 -ὀρθάς
738 2794 787 2848 lin.
807 2799 823 2848 8
847 2793 883 2848 ab
902 2791 1021 2848 Euclide
1045 2810 1109 2863 pro·

89 2862 167 2918 fecta
191 2878 253 2917 esse
278 2861 434 2930 nequeunt,
458 2859 562 2932 quippe
585 2881 657 2932 quae
681 2880 732 2934 per
756 2865 890 2934 ambages
909 2864 1110 2928 demonstrent,

90 2936 151 2987 ΒΗ
172 2933 209 2988 ad
231 2931 348 3002 planum
370 2934 511 2986 rectarum
530 2936 599 3000 ΔΕ,
624 2936 676 2988 ΕΖ
698 2933 959 3004 perpendicularem
983 2950 1057 3000 esse,
1080 2934 1110 2988 id

90 3004 168 3073 quod
197 3019 212 3058 e
238 3001 455 3072 praeparatione
481 3005 562 3073 patet
591 3006 628 3073 (p.
652 3011 700 3072 40⁴
721 3006 778 3072 11),
807 3005 844 3059 ad
871 3019 956 3072 quam
978 3003 1109 3058 Euclides

89 3074 179 3129 tacite
198 3073 315 3144 respicit
333 3076 430 3128 contra
447 3091 555 3129 morem
574 3092 664 3131 suum.
697 3075 763 3130 inde
781 3076 889 3130 laetum
907 3076 958 3143 est,
977 3076 1010 3128 ut
1022 3075 1110 3129 uerba

89 3144 143 3200 illa
159 3144 399 3214 interpolarentur
418 3145 447 3199 et
465 3145 496 3200 id
510 3146 623 3216 quidem
637 3146 693 3200 iam
709 3146 774 3200 ante
789 3145 942 3200 Theonem.
971 3144 1110 3214 scriptura
1229 3160 1231 3165 ·

90 3214 237 3341 ⁰⁰id⁰i⁸cB
265 3231 316 3285 per
345 3232 374 3270 se
397 3215 472 3270 bona
495 3217 554 3271 sine
579 3216 664 3272 dubio
689 3233 704 3272 e
728 3217 890 3271 coniectura
913 3216 982 3271 satis
1005 3217 1111 3270 recenti

90 3302 121 3340 or
172 3303 222 3341 es.

91 3463 158 3532 Vb,
178 3463 319 3534 compll.
398 3469 439 3518 19.
461 3460 548 3532 M',
567 3461 630 3518 AB'
649 3465 679 3520 F.
757 3470 800 3519 20.
820 3461 968 3535 τετμήσθω
987 3465 1020 3532 b,
1040 3480 1109 3517 corr.

95 3553 132 3589 m.
153 3539 179 3588 l.
256 3540 299 3589 23.
318 3530 360 3606 αἱ]
380 3537 590 3605 συμπεσοῦνται
609 3532 642 3588 αἱ
657 3535 690 3591 V.
