2468 3952
169 187 234 253 368
566 189 748 241 APPENDIX
765 189 787 243 Ι.

573 363 786 443 Σύνθεσις.

231 486 321 557 Ἐπεὶ
349 479 414 558 οὖν
441 486 683 577 τετραπλάσιόν
710 484 840 556 ἔστιτὸ
868 483 934 555 ἀπὸ
957 490 1018 572 τῆς
1041 493 1108 553 ΑΒ
1129 488 1183 554 τοῦ

168 592 232 663 ἀπὸ
255 600 315 681 τῆς
338 603 420 681 ΑΔ,
443 592 530 664 ἀλλὰ
554 591 591 662 τὸ
616 591 681 662 ἀπὸ
706 600 770 661 BA
791 590 828 661 τὸ
851 590 919 661 ὑπὸ
937 599 1016 679 BA,
1035 598 1110 661 AF
1123 594 1184 661 ἐστι

87 688 89 694 ’
167 699 248 788 μετὰ
275 704 337 769 τοῦ
364 698 431 769 ὑπὸ
455 706 536 785 AB,
565 705 640 783 BF,
668 698 705 767 τὸ
734 698 801 787 ἅμα
823 696 888 768 ὑπὸ
911 706 994 783 BA,
1021 706 1094 767 AF
1111 699 1185 787 μετὰ

133 819 230 877 οτοῦ
256 805 323 875 ὑπὸ
352 814 434 894 AB,
466 813 533 875 ΒΓ
555 805 798 894 τετραπλάσιόν
829 809 898 875 ἐστι
923 809 985 875 τοῦ
1016 802 1083 874 ἀπὸ
1113 813 1184 874 ΑΔ.

168 910 253 981 ἀλλὰ
275 913 315 982 τὸ
338 913 401 1001 μὲν
424 911 491 982 ὑπὸ
514 917 583 981 τῶν
602 920 683 999 BA,
701 919 771 981 AF
790 920 868 980 ἴσον
891 912 960 980 ἐστὶ
982 921 1028 1003 τῷ
1054 911 1108 992 δὶς
1124 908 1184 979 ὑπὸ

168 1023 236 1088 τῶν
257 1028 338 1106 ΔΑ,
361 1024 437 1106 AF,
459 1017 498 1087 τὸ
523 1019 561 1087 δὲ
583 1017 650 1087 ὑπὸ
672 1021 742 1087 τῶν
761 1025 842 1104 AB,
865 1022 932 1085 BF
950 1024 1028 1086 ἴσον
1052 1017 1123 1084 ἐστὶ
1145 1019 1184 1109 τῷ

169 1123 234 1194 ἀπὸ
258 1129 317 1212 τῆς
340 1131 419 1194 AF·
447 1123 491 1194 τὸ
509 1123 575 1212 ἄρα
598 1121 664 1193 ἀπὸ
688 1127 748 1210 τῆς
772 1129 841 1192 AF
858 1119 939 1211 μετὰ
961 1125 1024 1191 τοῦ
1048 1123 1103 1203 δὶς
1124 1120 1184 1191 ὑπὸ

168 1235 236 1300 τῶν
264 1239 350 1319 ΔΑ,
378 1238 448 1301 AF
470 1230 713 1320 τετραπλάσιόν
741 1233 811 1299 ἐστι
837 1233 900 1298 τοῦ
927 1226 992 1297 ἀπὸ
1020 1232 1082 1315 τῆς
1109 1236 1186 1297 ΔΛ·

117 1356 150 1406 10
170 1335 254 1405 ὥστε
285 1336 326 1404 τὰ
353 1335 414 1405 ἀπὶ
447 1340 516 1405 τῶν
542 1344 630 1424 ΔΑ,
659 1342 730 1405 AF
752 1335 834 1425 μετὰ
856 1346 918 1404 τοῦ
947 1333 1000 1433 ῥὶς
1026 1331 1095 1404 ὑπὸ
1123 1337 1186 1404 τῶν

170 1452 261 1529 ΔΑ,
284 1446 354 1511 ΑΓ
372 1442 600 1512 πενταπλάσια
624 1445 694 1511 ἐστι
716 1453 778 1512 τοῦ
802 1440 868 1510 οάτὸ
891 1452 950 1530 τῆς
971 1449 1049 1510 ΔΑ.
1089 1439 1131 1509 τὰ
1153 1440 1187 1508 δὲ

170 1546 236 1617 ἀπὸ
264 1559 332 1617 τῶν
357 1556 438 1635 ΔΑ,
466 1555 536 1618 AF
557 1553 639 1637 μετὰ
669 1559 732 1619 τοῦ
756 1549 809 1629 δὶς
834 1546 902 1618 ὑπὸ
923 1558 992 1617 τῶν
1016 1558 1099 1637 ΔΑ,
1127 1552 1190 1617 AF

169 1653 203 1724 τί
235 1653 300 1723 ἀπὸ
331 1666 391 1742 τῆς
414 1659 476 1722 ΓΔ
503 1656 603 1724 ἐστιν.
649 1655 687 1724 τὸ
716 1653 783 1742 ἄρα
811 1653 876 1724 ἀπὸ
904 1665 963 1742 τῆς
986 1661 1048 1724 ΓΔ
1075 1680 1188 1724 πεντα-

170 1760 314 1830 πλάσιόν
338 1763 407 1830 ἐστι
429 1772 492 1830 τοῦ
515 1758 581 1830 ἀπὸ
605 1772 664 1849 τῆς
687 1770 766 1829 ΔΑ·
790 1759 873 1850 ὅπερ
896 1764 965 1830 ἔδει
988 1763 1103 1845 δεῖξαι.

120 1975 153 2024 15
176 1963 251 2025 Τοῦ
275 1962 297 2044 β
319 1954 583 2045 θεωρήματος
605 1953 627 2044 ἡ
650 1954 847 2037 ἀνάλυσις
868 1957 934 2024 καὶ
955 1953 977 2041 ἡ
997 1954 1189 2037 σύνθεσις

491 2059 589 2131 ἄνευ
611 2073 875 2150 καταγραφῆς.

238 2201 370 2272 Εὐθεῖα
396 2204 462 2292 γάρ
490 2230 539 2285 τις
565 2200 587 2291 ἡ
610 2209 674 2272 ΓΛ
700 2203 869 2292 τμήματος
896 2204 1017 2292 ἑαυτῆς
1037 2207 1101 2273 τοῦ
1125 2208 1189 2271 ΔΑ

172 2310 419 2380 πενταπλάσιον
443 2310 624 2398 δυνάσθω,
650 2313 708 2397 τῆς
738 2310 776 2379 δὲ
799 2319 866 2379 ΔΑ
895 2314 996 2399 διπλῆ
1019 2314 1146 2379 κείσθω
1168 2305 1188 2395 ἡ

172 2422 205 2481 A
210 2421 251 2481 B·
275 2415 371 2502 λέγω,
395 2415 447 2486 ὅτι
470 2445 491 2504 η
506 2425 539 2485 Α
544 2425 572 2485 Β
596 2415 703 2504 ἄκρον
720 2417 776 2484 καὶ
793 2418 899 2505 μέσον
917 2416 1024 2504 λόγον
1036 2417 1190 2504 τέτμηται

121 2539 155 2588 20
173 2516 257 2585 κατὰ
279 2517 317 2587 τὸ
339 2526 371 2588 Γ
389 2537 539 2610 σημεῖον,
561 2523 618 2592 καὶ
640 2520 678 2592 τὸ
703 2528 815 2609 μεῖζον
833 2523 945 2612 τμῆμά
965 2525 1057 2592 ἐστιν
1076 2519 1098 2611 ἡ
1117 2525 1190 2608 AF,

172 2623 245 2713 ἥτις
268 2626 337 2693 ἐστὶ
359 2624 397 2695 τὸ
421 2628 542 2698 λοιπὸν
564 2630 665 2719 μέρος
686 2632 745 2715 τῆς
768 2630 802 2710 ἐξ
824 2626 929 2719 ἀρχῆς
952 2624 1100 2709 εὐθείας.

237 2731 327 2801 Ἐπεὶ
349 2730 371 2819 ἡ
390 2743 456 2803 AB
480 2737 586 2824 ἄκρον
608 2735 665 2804 καὶ
688 2736 792 2823 μέσον
815 2733 921 2822 λόγον
937 2735 1095 2823 τέτμηται
1111 2731 1192 2802 κατὰ

172 2837 210 2907 τὸ
234 2837 412 2925 Γ,καὶτό
437 2846 549 2928 μεῖζον
572 2840 684 2928 τμῆμά
707 2825 797 2909 ἐστιν
821 2837 841 2929 ἡ
866 2846 947 2928 AF,
974 2839 1013 2908 τὸ
1037 2837 1105 2927 ἅμα
1128 2836 1191 2908 ὑπὸ

172 2947 242 3012 τῶν
265 2948 368 3011 ΑΒΓ
387 2952 463 3014 ἴσον
483 2946 552 3014 ἐστὶ
574 2950 621 3038 τῷ
645 2943 709 3014 ἀπὸ
733 2956 793 3033 τῆς
812 2952 885 3015 AF.
923 2951 993 3015 ἔστι
1016 2946 1054 3015 δὲ
1077 2946 1134 3014 καὶ
1155 2942 1191 3014 τὸ

122 3067 156 3118 25
174 3046 239 3117 ὑπὸ
264 3052 331 3119 τῶν
350 3056 453 3119 ΒΑΓ
471 3055 517 3145 τῷ
542 3052 594 3132 δὶς
616 3049 682 3120 ὑπὸ
701 3056 771 3122 τῶν
789 3061 872 3140 ΔΑ,
895 3058 966 3122 AF
979 3061 1069 3122 ἴσον·
1094 3056 1193 3139 διπλῆ

173 3154 238 3245 γάρ
263 3157 354 3225 ἐστιν
377 3154 398 3244 ἡ
423 3165 485 3225 BA
506 3161 566 3244 τῆς
588 3167 669 3226 ΑΛ·
691 3156 731 3227 τὸ
753 3157 821 3248 ἄρα
843 3156 910 3228 ὑπὸ
933 3163 1001 3228 τῶν
1025 3168 1108 3247 AB,
1132 3165 1196 3229 ΒΓ

174 3259 255 3347 μετὰ
282 3265 343 3330 τοτ’
371 3260 438 3332 ὑπὸ
467 3275 535 3333 τῶν
559 3270 636 3352 BA,
664 3271 746 3353 AF,
775 3263 856 3355 ὅπερ
884 3265 953 3334 ἐστὶ
980 3264 1014 3334 τί
1049 3263 1114 3335 ἀπὸ
1138 3268 1195 3354 τῆς

247 3461 271 3510 2.
293 3461 343 3510 BA
362 3456 425 3528 BV,
444 3454 522 3512 B''A'
542 3459 569 3515 b.
656 3465 681 3516 3.
702 3455 778 3515 ἔστιν
797 3459 828 3516 Β.
921 3466 963 3515 11.
982 3458 1194 3517 πενταπλάσιόν

175 3524 234 3594 Vq.
319 3533 359 3584 13.
380 3522 469 3600 ἐστιν]
489 3526 547 3585 ἐστι
566 3530 628 3600 Vq,
647 3547 737 3604 comp.
756 3532 784 3588 b.
858 3535 899 3587 14.
919 3526 990 3603 ὅπερ
1008 3529 1070 3588 ἔδει
1089 3533 1195 3605 δεῖξαι]

71 3630 173 3712 h
