<?xml version="1.0" encoding="UTF-8"?>
<!DOCTYPE html PUBLIC "-//W3C//DTD XHTML 1.0 Transitional//EN"
    "http://www.w3.org/TR/xhtml1/DTD/xhtml1-transitional.dtd">
<html xmlns="http://www.w3.org/1999/xhtml" xml:lang="en" lang="en">
 <head>
  <title>
</title>
<meta http-equiv="Content-Type" content="text/html;charset=utf-8" />
  <meta name='ocr-system' content='tesseract 3.04.00' />
  <meta name='ocr-capabilities' content='ocr_page ocr_carea ocr_par ocr_line ocrx_word'/>
</head>
<body>
  <div class='ocr_page' id='page_1' title='image "./euclidisoperaom00unkngoog_0379.png"; bbox 0 0 2468 3952; ppageno 0'>
   <div class='ocr_carea' id='block_1_1' title="bbox 135 201 751 268">
    <p class='ocr_par' dir='ltr' id='par_1_1' title="bbox 135 201 751 268">
     <span class='ocr_line' id='line_1_1' title="bbox 135 201 751 268; baseline -0.015 0"><span class='ocrx_word' id='word_1_1' title='bbox 135 202 201 268; x_wconf 85' lang='lat'><strong><em>364</em></strong></span> <span class='ocrx_word' id='word_1_2' title='bbox 529 205 711 257; x_wconf 72' lang='lat' dir='ltr'><strong>serenam</strong></span> <span class='ocrx_word' id='word_1_3' title='bbox 728 201 751 259; x_wconf 85' lang='lat'><strong><em>1.</em></strong></span> 
     </span>
    </p>
   </div>
   <div class='ocr_carea' id='block_1_2' title="bbox 80 342 1157 2025">
    <p class='ocr_par' dir='ltr' id='par_1_2' title="bbox 133 342 1157 753">
     <span class='ocr_line' id='line_1_2' title="bbox 134 342 1157 434; baseline 0.002 -21"><span class='ocrx_word' id='word_1_4' title='bbox 134 342 179 425; x_wconf 77' lang='grc' dir='ltr'><strong><em>ὡς</em></strong></span> <span class='ocrx_word' id='word_1_5' title='bbox 202 342 223 432; x_wconf 82' lang='grc' dir='ltr'><em>ἡ</em></span> <span class='ocrx_word' id='word_1_6' title='bbox 246 352 310 412; x_wconf 90' lang='grc' dir='ltr'><strong><em>ΒΔ</em></strong></span> <span class='ocrx_word' id='word_1_7' title='bbox 332 342 415 432; x_wconf 80' lang='grc' dir='ltr'><strong><em>πρὸς</em></strong></span> <span class='ocrx_word' id='word_1_8' title='bbox 438 342 500 432; x_wconf 79' lang='grc' dir='ltr'><strong><em>τὴν</em></strong></span> <span class='ocrx_word' id='word_1_9' title='bbox 523 352 602 424; x_wconf 96' lang='lat' dir='ltr'><strong><em>BA,</em></strong></span> <span class='ocrx_word' id='word_1_10' title='bbox 625 345 732 424; x_wconf 82' lang='grc' dir='ltr'><strong><em>οὕτως</em></strong></span> <span class='ocrx_word' id='word_1_11' title='bbox 755 342 776 432; x_wconf 82' lang='grc' dir='ltr'><em>ἡ</em></span> <span class='ocrx_word' id='word_1_12' title='bbox 800 352 862 413; x_wconf 90' lang='lat' dir='ltr'><strong><em>BA</em></strong></span> <span class='ocrx_word' id='word_1_13' title='bbox 883 345 972 434; x_wconf 73' lang='grc' dir='ltr'><strong><em>πρὸς</em></strong></span> <span class='ocrx_word' id='word_1_14' title='bbox 996 344 1067 432; x_wconf 82' lang='grc' dir='ltr'><strong><em>τὴν</em></strong></span> <span class='ocrx_word' id='word_1_15' title='bbox 1088 352 1157 416; x_wconf 85' lang='grc' dir='ltr'><strong><em>ΑΓ.</em></strong></span> 
     </span>
     <span class='ocr_line' id='line_1_3' title="bbox 134 447 1157 541; baseline 0.002 -22"><span class='ocrx_word' id='word_1_16' title='bbox 134 451 204 519; x_wconf 76' lang='grc' dir='ltr'><strong><em>ἐπεὶ</em></strong></span> <span class='ocrx_word' id='word_1_17' title='bbox 227 450 292 540; x_wconf 78' lang='grc' dir='ltr'><strong><em>γὰρ</em></strong></span> <span class='ocrx_word' id='word_1_18' title='bbox 315 447 336 536; x_wconf 81' lang='grc' dir='ltr'>ἡ</span> <span class='ocrx_word' id='word_1_19' title='bbox 355 457 421 518; x_wconf 90' lang='lat' dir='ltr'><strong><em>AB</em></strong></span> <span class='ocrx_word' id='word_1_20' title='bbox 445 449 550 538; x_wconf 80' lang='grc' dir='ltr'><strong><em>ἄκρον</em></strong></span> <span class='ocrx_word' id='word_1_21' title='bbox 572 451 629 518; x_wconf 82' lang='grc' dir='ltr'><strong><em>καὶ</em></strong></span> <span class='ocrx_word' id='word_1_22' title='bbox 652 451 756 538; x_wconf 80' lang='grc' dir='ltr'><strong><em>μέσον</em></strong></span> <span class='ocrx_word' id='word_1_23' title='bbox 773 450 877 538; x_wconf 80' lang='grc' dir='ltr'><strong><em>λόγον</em></strong></span> <span class='ocrx_word' id='word_1_24' title='bbox 895 454 1062 541; x_wconf 78' lang='grc' dir='ltr'><strong><em>τέτμηται</em></strong></span> <span class='ocrx_word' id='word_1_25' title='bbox 1080 451 1157 521; x_wconf 77' lang='grc' dir='ltr'><strong><em>κατὰ</em></strong></span> 
     </span>
     <span class='ocr_line' id='line_1_4' title="bbox 133 556 1152 649; baseline 0.004 -24"><span class='ocrx_word' id='word_1_26' title='bbox 133 556 171 625; x_wconf 88' lang='grc' dir='ltr'><strong><em>τὸ</em></strong></span> <span class='ocrx_word' id='word_1_27' title='bbox 191 564 229 642; x_wconf 87' lang='grc' dir='ltr'><strong><em>Γ,</em></strong></span> <span class='ocrx_word' id='word_1_28' title='bbox 252 557 308 624; x_wconf 80' lang='grc' dir='ltr'><strong><em>καὶ</em></strong></span> <span class='ocrx_word' id='word_1_29' title='bbox 331 562 443 643; x_wconf 76' lang='grc' dir='ltr'><strong><em>μεῖζον</em></strong></span> <span class='ocrx_word' id='word_1_30' title='bbox 464 556 577 644; x_wconf 79' lang='grc' dir='ltr'><strong><em>τμῆμά</em></strong></span> <span class='ocrx_word' id='word_1_31' title='bbox 601 559 670 625; x_wconf 80' lang='grc' dir='ltr'><strong><em>ἐστι</em></strong></span> <span class='ocrx_word' id='word_1_32' title='bbox 692 556 731 626; x_wconf 85' lang='grc' dir='ltr'><strong><em>τὸ</em></strong></span> <span class='ocrx_word' id='word_1_33' title='bbox 753 563 832 645; x_wconf 86' lang='grc' dir='ltr'><strong><em>ΑΓ,</em></strong></span> <span class='ocrx_word' id='word_1_34' title='bbox 855 563 950 627; x_wconf 81' lang='grc' dir='ltr'><strong><em>ἔστιν</em></strong></span> <span class='ocrx_word' id='word_1_35' title='bbox 972 557 1046 649; x_wconf 77' lang='grc' dir='ltr'><strong><em>ἄρα</em></strong></span> <span class='ocrx_word' id='word_1_36' title='bbox 1072 557 1152 647; x_wconf 58' lang='lat' dir='ltr'><strong><em>dei</em></strong></span> 
     </span>
     <span class='ocr_line' id='line_1_5' title="bbox 133 660 1153 753; baseline 0.004 -22"><span class='ocrx_word' id='word_1_37' title='bbox 133 671 200 731; x_wconf 89' lang='lat' dir='ltr'><strong><em>BA</em></strong></span> <span class='ocrx_word' id='word_1_38' title='bbox 226 661 310 749; x_wconf 80' lang='grc' dir='ltr'><strong>πρὸς</strong></span> <span class='ocrx_word' id='word_1_39' title='bbox 336 660 398 749; x_wconf 85' lang='grc' dir='ltr'><strong><em>τὴν</em></strong></span> <span class='ocrx_word' id='word_1_40' title='bbox 422 667 496 748; x_wconf 86' lang='grc' dir='ltr'><strong><em>ΑΓ,</em></strong></span> <span class='ocrx_word' id='word_1_41' title='bbox 526 660 633 743; x_wconf 78' lang='grc' dir='ltr'><strong><em>οὕτως</em></strong></span> <span class='ocrx_word' id='word_1_42' title='bbox 656 660 676 749; x_wconf 82' lang='grc' dir='ltr'><em>ἡ</em></span> <span class='ocrx_word' id='word_1_43' title='bbox 700 669 769 731; x_wconf 86' lang='grc' dir='ltr'><strong><em>ΑΓ</em></strong></span> <span class='ocrx_word' id='word_1_44' title='bbox 787 660 870 753; x_wconf 80' lang='grc' dir='ltr'><em>πρὸς</em></span> <span class='ocrx_word' id='word_1_45' title='bbox 891 661 956 750; x_wconf 82' lang='grc' dir='ltr'><strong><em>τὴν</em></strong></span> <span class='ocrx_word' id='word_1_46' title='bbox 979 671 1059 735; x_wconf 87' lang='grc' dir='ltr'><strong><em>ΓΒ.</em></strong></span> <span class='ocrx_word' id='word_1_47' title='bbox 1103 674 1153 753; x_wconf 75' lang='grc' dir='ltr'><strong><em>ἴση</em></strong></span> 
     </span>
    </p>

    <p class='ocr_par' dir='ltr' id='par_1_3' title="bbox 99 767 1150 1286">
     <span class='ocr_line' id='line_1_6' title="bbox 99 767 1150 860; baseline 0.004 -23"><span class='ocrx_word' id='word_1_48' title='bbox 99 769 171 837; x_wconf 74' lang='grc' dir='ltr'><strong><em>οδὲ</em></strong></span> <span class='ocrx_word' id='word_1_49' title='bbox 204 767 224 855; x_wconf 80' lang='grc' dir='ltr'><em>ἡ</em></span> <span class='ocrx_word' id='word_1_50' title='bbox 253 774 322 836; x_wconf 86' lang='grc' dir='ltr'><strong><em>ΑΓ</em></strong></span> <span class='ocrx_word' id='word_1_51' title='bbox 344 772 384 856; x_wconf 79' lang='grc' dir='ltr'><strong><em>τῇ</em></strong></span> <span class='ocrx_word' id='word_1_52' title='bbox 412 775 495 835; x_wconf 89' lang='grc' dir='ltr'><strong><em>ΔΑ·</em></strong></span> <span class='ocrx_word' id='word_1_53' title='bbox 527 772 618 836; x_wconf 79' lang='grc' dir='ltr'><strong><em>ἔστιν</em></strong></span> <span class='ocrx_word' id='word_1_54' title='bbox 645 767 711 856; x_wconf 79' lang='grc' dir='ltr'><strong><em>ἄρα</em></strong></span> <span class='ocrx_word' id='word_1_55' title='bbox 739 767 785 850; x_wconf 79' lang='grc' dir='ltr'><strong><em>ὡς</em></strong></span> <span class='ocrx_word' id='word_1_56' title='bbox 811 768 832 856; x_wconf 78' lang='grc' dir='ltr'>ἡ</span> <span class='ocrx_word' id='word_1_57' title='bbox 859 777 923 837; x_wconf 92' lang='lat' dir='ltr'><strong><em>BA</em></strong></span> <span class='ocrx_word' id='word_1_58' title='bbox 948 770 1042 859; x_wconf 80' lang='grc' dir='ltr'><strong><em>πρὸς</em></strong></span> <span class='ocrx_word' id='word_1_59' title='bbox 1069 780 1150 860; x_wconf 85' lang='grc' dir='ltr'><strong><em>ΛΔ,</em></strong></span> 
     </span>
     <span class='ocr_line' id='line_1_7' title="bbox 134 870 1148 964; baseline 0.004 -21"><span class='ocrx_word' id='word_1_60' title='bbox 134 874 240 955; x_wconf 79' lang='grc' dir='ltr'><strong><em>οὕτως</em></strong></span> <span class='ocrx_word' id='word_1_61' title='bbox 271 872 292 960; x_wconf 79' lang='grc' dir='ltr'><em>ἡ</em></span> <span class='ocrx_word' id='word_1_62' title='bbox 321 879 390 941; x_wconf 89' lang='grc' dir='ltr'><strong><em>ΑΓ</em></strong></span> <span class='ocrx_word' id='word_1_63' title='bbox 417 872 501 961; x_wconf 78' lang='grc' dir='ltr'><strong><em>πρὸς</em></strong></span> <span class='ocrx_word' id='word_1_64' title='bbox 527 878 602 942; x_wconf 88' lang='grc' dir='ltr'><strong><em>ΓΒ·</em></strong></span> <span class='ocrx_word' id='word_1_65' title='bbox 634 870 805 943; x_wconf 76' lang='grc' dir='ltr'><strong><em>ἀνάπαλιν</em></strong></span> <span class='ocrx_word' id='word_1_66' title='bbox 834 873 901 964; x_wconf 77' lang='grc' dir='ltr'><strong><em>ἄρα</em></strong></span> <span class='ocrx_word' id='word_1_67' title='bbox 934 877 1032 945; x_wconf 80' lang='grc' dir='ltr'><strong><em>ἐστὶν</em></strong></span> <span class='ocrx_word' id='word_1_68' title='bbox 1066 875 1148 964; x_wconf 78' lang='grc' dir='ltr'><strong><em>ὡςὴ</em></strong></span> 
     </span>
     <span class='ocr_line' id='line_1_8' title="bbox 133 978 1147 1071; baseline 0.005 -22"><span class='ocrx_word' id='word_1_69' title='bbox 133 990 199 1049; x_wconf 87' lang='grc' dir='ltr'><strong><em>ΔΑ</em></strong></span> <span class='ocrx_word' id='word_1_70' title='bbox 221 979 304 1071; x_wconf 80' lang='grc' dir='ltr'><strong><em>πρὸς</em></strong></span> <span class='ocrx_word' id='word_1_71' title='bbox 325 978 388 1067; x_wconf 80' lang='grc' dir='ltr'><strong><em>τὴν</em></strong></span> <span class='ocrx_word' id='word_1_72' title='bbox 411 988 493 1067; x_wconf 89' lang='lat' dir='ltr'><strong><em>AB,</em></strong></span> <span class='ocrx_word' id='word_1_73' title='bbox 517 978 624 1060; x_wconf 81' lang='grc' dir='ltr'><strong><em>οὕτως</em></strong></span> <span class='ocrx_word' id='word_1_74' title='bbox 646 978 668 1066; x_wconf 80' lang='grc' dir='ltr'><em>ἡ</em></span> <span class='ocrx_word' id='word_1_75' title='bbox 692 986 759 1049; x_wconf 90' lang='grc' dir='ltr'><strong><em>ΒΓ</em></strong></span> <span class='ocrx_word' id='word_1_76' title='bbox 776 979 860 1070; x_wconf 76' lang='grc' dir='ltr'><em>πρὸς</em></span> <span class='ocrx_word' id='word_1_77' title='bbox 882 979 946 1068; x_wconf 79' lang='grc' dir='ltr'><strong><em>τὴν</em></strong></span> <span class='ocrx_word' id='word_1_78' title='bbox 968 988 1050 1051; x_wconf 86' lang='grc' dir='ltr'><strong><em>ΓΑ·</em></strong></span> <span class='ocrx_word' id='word_1_79' title='bbox 1079 1005 1147 1054; x_wconf 92' lang='grc' dir='ltr'><strong><em>συν-</em></strong></span> 
     </span>
     <span class='ocr_line' id='line_1_9' title="bbox 133 1083 1148 1178; baseline 0.005 -23"><span class='ocrx_word' id='word_1_80' title='bbox 133 1088 229 1156; x_wconf 82' lang='grc' dir='ltr'><strong><em>θέντι</em></strong></span> <span class='ocrx_word' id='word_1_81' title='bbox 260 1084 326 1173; x_wconf 71' lang='grc' dir='ltr'><strong><em>ἅμα</em></strong></span> <span class='ocrx_word' id='word_1_82' title='bbox 353 1087 444 1154; x_wconf 79' lang='grc' dir='ltr'><strong><em>ἐστὶν</em></strong></span> <span class='ocrx_word' id='word_1_83' title='bbox 471 1083 517 1166; x_wconf 79' lang='grc' dir='ltr'><strong><em>ὥς</em></strong></span> <span class='ocrx_word' id='word_1_84' title='bbox 542 1085 564 1172; x_wconf 82' lang='grc' dir='ltr'><em>ἡ</em></span> <span class='ocrx_word' id='word_1_85' title='bbox 593 1092 660 1153; x_wconf 89' lang='grc' dir='ltr'><strong><em>ΔΒ</em></strong></span> <span class='ocrx_word' id='word_1_86' title='bbox 687 1085 772 1174; x_wconf 76' lang='grc' dir='ltr'><strong><em>σιμὸς</em></strong></span> <span class='ocrx_word' id='word_1_87' title='bbox 797 1085 860 1173; x_wconf 82' lang='grc' dir='ltr'><strong><em>τὴν</em></strong></span> <span class='ocrx_word' id='word_1_88' title='bbox 887 1095 967 1176; x_wconf 89' lang='lat' dir='ltr'><strong><em>BA,</em></strong></span> <span class='ocrx_word' id='word_1_89' title='bbox 998 1087 1148 1178; x_wconf 72' lang='grc' dir='ltr'><strong><em>οῧταςὴ</em></strong></span> 
     </span>
     <span class='ocr_line' id='line_1_10' title="bbox 132 1191 1146 1286; baseline 0.002 -25"><span class='ocrx_word' id='word_1_90' title='bbox 132 1200 194 1262; x_wconf 91' lang='lat' dir='ltr'><strong><em>BA</em></strong></span> <span class='ocrx_word' id='word_1_91' title='bbox 217 1192 300 1281; x_wconf 78' lang='grc' dir='ltr'><strong><em>πρὸς</em></strong></span> <span class='ocrx_word' id='word_1_92' title='bbox 319 1199 393 1261; x_wconf 89' lang='grc' dir='ltr'><strong><em>ΑΓ.</em></strong></span> <span class='ocrx_word' id='word_1_93' title='bbox 431 1200 487 1281; x_wconf 75' lang='grc' dir='ltr'><strong><em>ἴση</em></strong></span> <span class='ocrx_word' id='word_1_94' title='bbox 511 1191 552 1260; x_wconf 75' lang='grc' dir='ltr'><strong><em>δέ</em></strong></span> <span class='ocrx_word' id='word_1_95' title='bbox 572 1194 663 1260; x_wconf 78' lang='grc' dir='ltr'><strong><em>ἐστιν</em></strong></span> <span class='ocrx_word' id='word_1_96' title='bbox 682 1192 703 1280; x_wconf 81' lang='grc' dir='ltr'><em>ἡ</em></span> <span class='ocrx_word' id='word_1_97' title='bbox 723 1202 790 1261; x_wconf 87' lang='lat' dir='ltr'><strong><em>AA</em></strong></span> <span class='ocrx_word' id='word_1_98' title='bbox 811 1197 852 1284; x_wconf 80' lang='grc' dir='ltr'><strong><em>τῇ</em></strong></span> <span class='ocrx_word' id='word_1_99' title='bbox 871 1198 951 1261; x_wconf 86' lang='grc' dir='ltr'><strong><em>ΑΓ·</em></strong></span> <span class='ocrx_word' id='word_1_100' title='bbox 974 1199 1072 1266; x_wconf 80' lang='grc' dir='ltr'><strong><em>ἔστιν</em></strong></span> <span class='ocrx_word' id='word_1_101' title='bbox 1090 1197 1146 1286; x_wconf 77' lang='grc' dir='ltr'><strong><em>ἅμα</em></strong></span> 
     </span>
    </p>

    <p class='ocr_par' dir='ltr' id='par_1_4' title="bbox 82 1296 1147 1819">
     <span class='ocr_line' id='line_1_11' title="bbox 82 1296 1146 1393; baseline 0.005 -26"><span class='ocrx_word' id='word_1_102' title='bbox 82 1321 113 1368; x_wconf 88' lang='lat'><strong><em>10</em></strong></span> <span class='ocrx_word' id='word_1_103' title='bbox 133 1298 178 1380; x_wconf 76' lang='grc' dir='ltr'><strong><em>ὡς</em></strong></span> <span class='ocrx_word' id='word_1_104' title='bbox 210 1298 468 1389; x_wconf 74' lang='grc' dir='ltr'><strong><em>συναμφότερος</em></strong></span> <span class='ocrx_word' id='word_1_105' title='bbox 493 1296 515 1386; x_wconf 79' lang='grc' dir='ltr'><em>ἡ</em></span> <span class='ocrx_word' id='word_1_106' title='bbox 543 1305 644 1367; x_wconf 83' lang='grc' dir='ltr'><strong><em>ΒΑΓ</em></strong></span> <span class='ocrx_word' id='word_1_107' title='bbox 661 1299 755 1389; x_wconf 51' lang='lat' dir='ltr'><strong><em>{apsis</em></strong></span> <span class='ocrx_word' id='word_1_108' title='bbox 785 1299 849 1386; x_wconf 81' lang='grc' dir='ltr'><strong><em>τὴν</em></strong></span> <span class='ocrx_word' id='word_1_109' title='bbox 876 1308 958 1387; x_wconf 89' lang='lat' dir='ltr'><strong><em>AB,</em></strong></span> <span class='ocrx_word' id='word_1_110' title='bbox 992 1303 1104 1385; x_wconf 79' lang='grc' dir='ltr'><strong><em>οὕτως</em></strong></span> <span class='ocrx_word' id='word_1_111' title='bbox 1121 1299 1146 1393; x_wconf 68' lang='lat' dir='ltr'><strong><em>{r}</em></strong></span> 
     </span>
     <span class='ocr_line' id='line_1_12' title="bbox 132 1405 1147 1498; baseline 0.007 -26"><span class='ocrx_word' id='word_1_112' title='bbox 132 1413 194 1473; x_wconf 91' lang='lat' dir='ltr'><strong><em>BA</em></strong></span> <span class='ocrx_word' id='word_1_113' title='bbox 216 1405 301 1493; x_wconf 78' lang='grc' dir='ltr'><em>πρὸς</em></span> <span class='ocrx_word' id='word_1_114' title='bbox 318 1413 392 1475; x_wconf 88' lang='grc' dir='ltr'><strong><em>ΑΓ.</em></strong></span> <span class='ocrx_word' id='word_1_115' title='bbox 429 1406 485 1473; x_wconf 81' lang='grc' dir='ltr'><strong><em>καὶ</em></strong></span> <span class='ocrx_word' id='word_1_116' title='bbox 509 1406 579 1474; x_wconf 79' lang='grc' dir='ltr'><strong><em>ἐπεὶ</em></strong></span> <span class='ocrx_word' id='word_1_117' title='bbox 598 1406 762 1474; x_wconf 73' lang='grc' dir='ltr'><strong><em>δέδεικται</em></strong></span> <span class='ocrx_word' id='word_1_118' title='bbox 781 1405 865 1494; x_wconf 79' lang='grc' dir='ltr'><strong><em>ὡςὴ</em></strong></span> <span class='ocrx_word' id='word_1_119' title='bbox 886 1416 954 1476; x_wconf 88' lang='grc' dir='ltr'><strong><em>ΔΒ</em></strong></span> <span class='ocrx_word' id='word_1_120' title='bbox 973 1410 1064 1498; x_wconf 81' lang='grc' dir='ltr'><em>πρὸς</em></span> <span class='ocrx_word' id='word_1_121' title='bbox 1081 1420 1147 1497; x_wconf 87' lang='lat' dir='ltr'><strong><em>BA,</em></strong></span> 
     </span>
     <span class='ocr_line' id='line_1_13' title="bbox 133 1510 1147 1604; baseline 0.008 -25"><span class='ocrx_word' id='word_1_122' title='bbox 133 1511 239 1590; x_wconf 83' lang='grc' dir='ltr'><strong><em>οὕτως</em></strong></span> <span class='ocrx_word' id='word_1_123' title='bbox 265 1539 285 1599; x_wconf 93' lang='grc' dir='ltr'><strong><em>η</em></strong></span> <span class='ocrx_word' id='word_1_124' title='bbox 311 1519 372 1579; x_wconf 91' lang='lat' dir='ltr'><strong><em>BA</em></strong></span> <span class='ocrx_word' id='word_1_125' title='bbox 399 1511 484 1599; x_wconf 78' lang='grc' dir='ltr'><strong><em>πρὸς</em></strong></span> <span class='ocrx_word' id='word_1_126' title='bbox 507 1517 581 1598; x_wconf 88' lang='grc' dir='ltr'><strong><em>ΑΓ,</em></strong></span> <span class='ocrx_word' id='word_1_127' title='bbox 611 1520 666 1598; x_wconf 77' lang='grc' dir='ltr'><strong><em>ἴση</em></strong></span> <span class='ocrx_word' id='word_1_128' title='bbox 695 1512 732 1580; x_wconf 73' lang='grc' dir='ltr'><strong><em>δὲ</em></strong></span> <span class='ocrx_word' id='word_1_129' title='bbox 756 1510 777 1600; x_wconf 82' lang='grc' dir='ltr'><em>ἡ</em></span> <span class='ocrx_word' id='word_1_130' title='bbox 802 1519 863 1582; x_wconf 88' lang='grc' dir='ltr'><strong><em>ΓΑ</em></strong></span> <span class='ocrx_word' id='word_1_131' title='bbox 883 1518 923 1604; x_wconf 77' lang='grc' dir='ltr'><strong><em>τῇ</em></strong></span> <span class='ocrx_word' id='word_1_132' title='bbox 949 1524 1036 1603; x_wconf 90' lang='grc' dir='ltr'><strong><em>ΔΑ,</em></strong></span> <span class='ocrx_word' id='word_1_133' title='bbox 1065 1524 1147 1586; x_wconf 82' lang='grc' dir='ltr'><strong><em>ἔστιν</em></strong></span> 
     </span>
     <span class='ocr_line' id='line_1_14' title="bbox 132 1615 1145 1712; baseline 0.01 -29"><span class='ocrx_word' id='word_1_134' title='bbox 132 1615 197 1706; x_wconf 70' lang='grc' dir='ltr'><strong><em>ἄρα</em></strong></span> <span class='ocrx_word' id='word_1_135' title='bbox 220 1616 265 1698; x_wconf 81' lang='grc' dir='ltr'><strong><em>ὡς</em></strong></span> <span class='ocrx_word' id='word_1_136' title='bbox 287 1618 308 1705; x_wconf 81' lang='grc' dir='ltr'><em>ἡ</em></span> <span class='ocrx_word' id='word_1_137' title='bbox 333 1626 400 1687; x_wconf 88' lang='lat' dir='ltr'><strong><em>AB</em></strong></span> <span class='ocrx_word' id='word_1_138' title='bbox 423 1619 508 1704; x_wconf 78' lang='grc' dir='ltr'><em>πρὸς</em></span> <span class='ocrx_word' id='word_1_139' title='bbox 530 1617 593 1706; x_wconf 75' lang='grc' dir='ltr'><strong><em>τὴν</em></strong></span> <span class='ocrx_word' id='word_1_140' title='bbox 618 1627 703 1706; x_wconf 78' lang='lat' dir='ltr'><strong><em>BA,</em></strong></span> <span class='ocrx_word' id='word_1_141' title='bbox 722 1618 829 1701; x_wconf 80' lang='grc' dir='ltr'><strong><em>οὕτως</em></strong></span> <span class='ocrx_word' id='word_1_142' title='bbox 856 1620 960 1708; x_wconf 79' lang='grc' dir='ltr'><strong><em>ἡΒΛ</em></strong></span> <span class='ocrx_word' id='word_1_143' title='bbox 982 1622 1072 1712; x_wconf 80' lang='grc' dir='ltr'><strong><em>πρὸς</em></strong></span> <span class='ocrx_word' id='word_1_144' title='bbox 1093 1624 1145 1712; x_wconf 82' lang='grc' dir='ltr'><strong><em>τὴν</em></strong></span> 
     </span>
     <span class='ocr_line' id='line_1_15' title="bbox 132 1722 1146 1819; baseline 0.007 -28"><span class='ocrx_word' id='word_1_145' title='bbox 132 1733 207 1792; x_wconf 84' lang='grc' dir='ltr'><strong><em>ΑΔ.</em></strong></span> <span class='ocrx_word' id='word_1_146' title='bbox 243 1725 299 1792; x_wconf 80' lang='grc' dir='ltr'><strong><em>καὶ</em></strong></span> <span class='ocrx_word' id='word_1_147' title='bbox 322 1722 343 1811; x_wconf 79' lang='grc' dir='ltr'><em>ἡ</em></span> <span class='ocrx_word' id='word_1_148' title='bbox 363 1731 430 1792; x_wconf 89' lang='grc' dir='ltr'><strong><em>ΔΒ</em></strong></span> <span class='ocrx_word' id='word_1_149' title='bbox 452 1724 519 1813; x_wconf 76' lang='grc' dir='ltr'><strong><em>ἅμα</em></strong></span> <span class='ocrx_word' id='word_1_150' title='bbox 542 1723 649 1813; x_wconf 75' lang='grc' dir='ltr'><strong><em>ἄκρου</em></strong></span> <span class='ocrx_word' id='word_1_151' title='bbox 670 1725 727 1794; x_wconf 86' lang='grc' dir='ltr'><strong><em>καὶ</em></strong></span> <span class='ocrx_word' id='word_1_152' title='bbox 750 1728 854 1814; x_wconf 84' lang='grc' dir='ltr'><strong><em>μέσον</em></strong></span> <span class='ocrx_word' id='word_1_153' title='bbox 871 1727 979 1815; x_wconf 76' lang='grc' dir='ltr'><strong><em>λόγον</em></strong></span> <span class='ocrx_word' id='word_1_154' title='bbox 997 1731 1146 1819; x_wconf 84' lang='grc' dir='ltr'><strong><em>τέτμηται</em></strong></span> 
     </span>
    </p>

    <p class='ocr_par' dir='ltr' id='par_1_5' title="bbox 80 1829 1147 2025">
     <span class='ocr_line' id='line_1_16' title="bbox 80 1829 1147 1927; baseline 0.007 -29"><span class='ocrx_word' id='word_1_155' title='bbox 80 1850 112 1899; x_wconf 81' lang='lat'><strong><em>15</em></strong></span> <span class='ocrx_word' id='word_1_156' title='bbox 130 1831 213 1899; x_wconf 81' lang='grc' dir='ltr'><strong><em>κατὰ</em></strong></span> <span class='ocrx_word' id='word_1_157' title='bbox 240 1830 279 1899; x_wconf 88' lang='grc' dir='ltr'><strong><em>τὸ</em></strong></span> <span class='ocrx_word' id='word_1_158' title='bbox 309 1840 356 1919; x_wconf 89' lang='lat' dir='ltr'><strong><em>A,</em></strong></span> <span class='ocrx_word' id='word_1_159' title='bbox 385 1832 442 1899; x_wconf 82' lang='grc' dir='ltr'><strong><em>καὶ</em></strong></span> <span class='ocrx_word' id='word_1_160' title='bbox 468 1829 506 1900; x_wconf 89' lang='grc' dir='ltr'><strong><em>τὸ</em></strong></span> <span class='ocrx_word' id='word_1_161' title='bbox 535 1837 646 1918; x_wconf 76' lang='grc' dir='ltr'><strong><em>μεῖζον</em></strong></span> <span class='ocrx_word' id='word_1_162' title='bbox 674 1832 787 1920; x_wconf 76' lang='grc' dir='ltr'><strong><em>τμῆμά</em></strong></span> <span class='ocrx_word' id='word_1_163' title='bbox 816 1835 907 1902; x_wconf 85' lang='grc' dir='ltr'><strong><em>ἐστιν</em></strong></span> <span class='ocrx_word' id='word_1_164' title='bbox 933 1833 955 1922; x_wconf 79' lang='grc' dir='ltr'><em>ἡ</em></span> <span class='ocrx_word' id='word_1_165' title='bbox 986 1837 1021 1918; x_wconf 81' lang='grc' dir='ltr'><strong><em>ἐξ</em></strong></span> <span class='ocrx_word' id='word_1_166' title='bbox 1050 1835 1147 1927; x_wconf 75' lang='grc' dir='ltr'><em>ἀρχῆς</em></span> 
     </span>
     <span class='ocr_line' id='line_1_17' title="bbox 132 1934 735 2025; baseline 0.005 -21"><span class='ocrx_word' id='word_1_167' title='bbox 132 1934 250 2004; x_wconf 80' lang='grc' dir='ltr'><strong><em>εὐθεῖα</em></strong></span> <span class='ocrx_word' id='word_1_168' title='bbox 273 1934 294 2023; x_wconf 80' lang='grc' dir='ltr'><em>ἡ</em></span> <span class='ocrx_word' id='word_1_169' title='bbox 318 1945 397 2005; x_wconf 91' lang='lat' dir='ltr'><strong><em>AB·</em></strong></span> <span class='ocrx_word' id='word_1_170' title='bbox 422 1935 503 2025; x_wconf 80' lang='grc' dir='ltr'><strong><em>ὅπερ</em></strong></span> <span class='ocrx_word' id='word_1_171' title='bbox 527 1942 595 2006; x_wconf 77' lang='grc' dir='ltr'><strong><em>ἔδει</em></strong></span> <span class='ocrx_word' id='word_1_172' title='bbox 619 1941 735 2020; x_wconf 76' lang='grc' dir='ltr'><strong><em>δεῖξαι.</em></strong></span> 
     </span>
    </p>
   </div>
   <div class='ocr_carea' id='block_1_3' title="bbox 376 2138 902 2346">
    <p class='ocr_par' dir='ltr' id='par_1_6' title="bbox 376 2138 902 2346">
     <span class='ocr_line' id='line_1_18' title="bbox 628 2138 656 2203; baseline -0.036 0"><span class='ocrx_word' id='word_1_173' title='bbox 628 2138 656 2203; x_wconf 91' lang='lat'><strong><em>8.</em></strong></span> 
     </span>
     <span class='ocr_line' id='line_1_19' title="bbox 376 2259 902 2346; baseline 0.008 -22"><span class='ocrx_word' id='word_1_174' title='bbox 376 2259 434 2324; x_wconf 85' lang='lat' dir='ltr'><strong><em>Ad</em></strong></span> <span class='ocrx_word' id='word_1_175' title='bbox 456 2259 542 2325; x_wconf 90' lang='lat' dir='ltr'><strong>libr.</strong></span> <span class='ocrx_word' id='word_1_176' title='bbox 564 2259 645 2325; x_wconf 88' lang='lat' dir='ltr'><strong>XIII</strong></span> <span class='ocrx_word' id='word_1_177' title='bbox 667 2282 772 2346; x_wconf 87' lang='lat' dir='ltr'>prop.</span> <span class='ocrx_word' id='word_1_178' title='bbox 798 2261 902 2328; x_wconf 84' lang='lat'><strong>1-5.</strong></span> 
     </span>
    </p>
   </div>
   <div class='ocr_carea' id='block_1_4' title="bbox 79 2378 1150 2784">
    <p class='ocr_par' dir='ltr' id='par_1_7' title="bbox 79 2378 1150 2784">
     <span class='ocr_line' id='line_1_20' title="bbox 203 2378 962 2465; baseline 0.011 -21"><span class='ocrx_word' id='word_1_179' title='bbox 203 2384 246 2444; x_wconf 87' lang='grc' dir='ltr'><strong><em>Τί</em></strong></span> <span class='ocrx_word' id='word_1_180' title='bbox 266 2379 357 2447; x_wconf 78' lang='grc' dir='ltr'><strong><em>ἐστιν</em></strong></span> <span class='ocrx_word' id='word_1_181' title='bbox 380 2378 543 2462; x_wconf 76' lang='grc' dir='ltr'><strong><em>ἀνάλυσις</em></strong></span> <span class='ocrx_word' id='word_1_182' title='bbox 564 2382 621 2449; x_wconf 83' lang='grc' dir='ltr'><strong><em>καὶ</em></strong></span> <span class='ocrx_word' id='word_1_183' title='bbox 643 2388 678 2451; x_wconf 87' lang='grc' dir='ltr'><strong><em>τί</em></strong></span> <span class='ocrx_word' id='word_1_184' title='bbox 698 2385 768 2451; x_wconf 79' lang='grc' dir='ltr'><strong><em>ἐστι</em></strong></span> <span class='ocrx_word' id='word_1_185' title='bbox 791 2383 962 2465; x_wconf 80' lang='grc' dir='ltr'><strong><em>σύνθεσις.</em></strong></span> 
     </span>
     <span class='ocr_line' id='line_1_21' title="bbox 194 2479 1150 2577; baseline 0.012 -28"><span class='ocrx_word' id='word_1_186' title='bbox 194 2479 370 2564; x_wconf 78' lang='grc' dir='ltr'><strong><em>Ἀνοὶλυσις</em></strong></span> <span class='ocrx_word' id='word_1_187' title='bbox 397 2484 458 2572; x_wconf 74' lang='grc' dir='ltr'><strong><em>μὲν</em></strong></span> <span class='ocrx_word' id='word_1_188' title='bbox 487 2479 551 2556; x_wconf 80' lang='grc' dir='ltr'><strong><em>οὖν</em></strong></span> <span class='ocrx_word' id='word_1_189' title='bbox 579 2489 649 2556; x_wconf 83' lang='grc' dir='ltr'><strong><em>ἐστι</em></strong></span> <span class='ocrx_word' id='word_1_190' title='bbox 671 2492 772 2576; x_wconf 77' lang='grc' dir='ltr'><strong><em>λῆψις</em></strong></span> <span class='ocrx_word' id='word_1_191' title='bbox 794 2492 855 2557; x_wconf 81' lang='grc' dir='ltr'><strong><em>τοῦ</em></strong></span> <span class='ocrx_word' id='word_1_192' title='bbox 878 2490 1089 2577; x_wconf 79' lang='grc' dir='ltr'><strong><em>ζητουμένου</em></strong></span> <span class='ocrx_word' id='word_1_193' title='bbox 1111 2491 1150 2571; x_wconf 75' lang='grc' dir='ltr'><strong><em>ὡς</em></strong></span> 
     </span>
     <span class='ocr_line' id='line_1_22' title="bbox 132 2585 1148 2686; baseline 0.01 -29"><span class='ocrx_word' id='word_1_194' title='bbox 132 2585 406 2676; x_wconf 78' lang='grc' dir='ltr'><strong><em>ὁμολογουμένου</em></strong></span> <span class='ocrx_word' id='word_1_195' title='bbox 425 2592 482 2660; x_wconf 76' lang='grc' dir='ltr'><strong><em>διὰ</em></strong></span> <span class='ocrx_word' id='word_1_196' title='bbox 500 2604 568 2662; x_wconf 80' lang='grc' dir='ltr'><strong><em>τῶν</em></strong></span> <span class='ocrx_word' id='word_1_197' title='bbox 586 2591 789 2664; x_wconf 72' lang='grc' dir='ltr'><strong><em>ἀκολούθων</em></strong></span> <span class='ocrx_word' id='word_1_198' title='bbox 809 2596 866 2664; x_wconf 82' lang='grc' dir='ltr'><strong><em>έιιί</em></strong></span> <span class='ocrx_word' id='word_1_199' title='bbox 879 2621 912 2662; x_wconf 88' lang='grc' dir='ltr'><strong><em>τι</em></strong></span> <span class='ocrx_word' id='word_1_200' title='bbox 929 2591 1063 2682; x_wconf 69' lang='grc' dir='ltr'><strong><em>ἀληθές</em></strong></span> <span class='ocrx_word' id='word_1_201' title='bbox 1077 2595 1148 2686; x_wconf 78' lang='grc' dir='ltr'><strong><em>ὁμο</em></strong></span> 
     </span>
     <span class='ocr_line' id='line_1_23' title="bbox 79 2697 352 2784; baseline 0 -19"><span class='ocrx_word' id='word_1_202' title='bbox 79 2715 113 2766; x_wconf 74' lang='lat'><strong><em>20</em></strong></span> <span class='ocrx_word' id='word_1_203' title='bbox 132 2697 352 2784; x_wconf 77' lang='grc' dir='ltr'><strong><em>λογούμενον.</em></strong></span> 
     </span>
    </p>
   </div>
   <div class='ocr_carea' id='block_1_5' title="bbox 129 2875 1148 3372">
    <p class='ocr_par' dir='ltr' id='par_1_8' title="bbox 129 2875 1148 3372">
     <span class='ocr_line' id='line_1_24' title="bbox 202 2875 1148 2952; baseline 0.008 -24"><span class='ocrx_word' id='word_1_204' title='bbox 202 2880 227 2928; x_wconf 87' lang='grc'><strong><em>8.</em></strong></span> <span class='ocrx_word' id='word_1_205' title='bbox 245 2875 307 2930; x_wconf 92' lang='lat' dir='ltr'><strong><em>Hae</em></strong></span> <span class='ocrx_word' id='word_1_206' title='bbox 326 2875 456 2944; x_wconf 82' lang='lat' dir='ltr'><strong>anaiyses</strong></span> <span class='ocrx_word' id='word_1_207' title='bbox 474 2875 505 2930; x_wconf 86' lang='lat' dir='ltr'><strong><em>in</em></strong></span> <span class='ocrx_word' id='word_1_208' title='bbox 521 2875 592 2930; x_wconf 84' lang='lat' dir='ltr'><strong>meis</strong></span> <span class='ocrx_word' id='word_1_209' title='bbox 611 2875 755 2933; x_wconf 82' lang='lat' dir='ltr'><strong>codicibus</strong></span> <span class='ocrx_word' id='word_1_210' title='bbox 769 2877 934 2933; x_wconf 79' lang='lat' dir='ltr'><strong>coniunctae</strong></span> <span class='ocrx_word' id='word_1_211' title='bbox 948 2881 1024 2935; x_wconf 81' lang='lat' dir='ltr'><strong>sunt.</strong></span> <span class='ocrx_word' id='word_1_212' title='bbox 1053 2881 1148 2952; x_wconf 73' lang='lat' dir='ltr'><strong>legon-</strong></span> 
     </span>
     <span class='ocr_line' id='line_1_25' title="bbox 129 2945 1147 3022; baseline 0.005 -22"><span class='ocrx_word' id='word_1_213' title='bbox 129 2948 176 3001; x_wconf 72' lang='grc' dir='ltr'><strong><em>τοι</em></strong></span> <span class='ocrx_word' id='word_1_214' title='bbox 194 2945 224 3000; x_wconf 89' lang='lat' dir='ltr'><strong><em>in</em></strong></span> <span class='ocrx_word' id='word_1_215' title='bbox 241 2946 264 3000; x_wconf 93' lang='lat' dir='ltr'><strong>P</strong></span> <span class='ocrx_word' id='word_1_216' title='bbox 283 2946 398 3016; x_wconf 90' lang='lat' dir='ltr'><strong>(inquo</strong></span> <span class='ocrx_word' id='word_1_217' title='bbox 417 2947 568 3003; x_wconf 79' lang='lat' dir='ltr'><strong>demonstr.</strong></span> <span class='ocrx_word' id='word_1_218' title='bbox 588 2945 636 3003; x_wconf 75' lang='lat' dir='ltr'><strong>adt.</strong></span> <span class='ocrx_word' id='word_1_219' title='bbox 656 2964 735 3019; x_wconf 86' lang='lat' dir='ltr'>prop.</span> <span class='ocrx_word' id='word_1_220' title='bbox 755 2953 771 3002; x_wconf 81' lang='lat'><strong>5</strong></span> <span class='ocrx_word' id='word_1_221' title='bbox 795 2951 903 3004; x_wconf 74' lang='lat' dir='ltr'><strong>seriam</strong></span> <span class='ocrx_word' id='word_1_222' title='bbox 925 2951 1067 3021; x_wconf 79' lang='lat' dir='ltr'><strong>sequitur)</strong></span> <span class='ocrx_word' id='word_1_223' title='bbox 1086 2952 1147 3022; x_wconf 75' lang='lat' dir='ltr'><strong>post</strong></span> 
     </span>
     <span class='ocr_line' id='line_1_26' title="bbox 130 3017 1146 3091; baseline 0.002 -19"><span class='ocrx_word' id='word_1_224' title='bbox 130 3017 400 3073; x_wconf 77' lang='lat' dir='ltr'><strong>demonstrationem</strong></span> <span class='ocrx_word' id='word_1_225' title='bbox 414 3019 532 3074; x_wconf 71' lang='lat' dir='ltr'><strong>alteram</strong></span> <span class='ocrx_word' id='word_1_226' title='bbox 550 3034 630 3088; x_wconf 87' lang='lat' dir='ltr'><strong>prop.</strong></span> <span class='ocrx_word' id='word_1_227' title='bbox 645 3023 662 3073; x_wconf 80' lang='lat'><strong>5</strong></span> <span class='ocrx_word' id='word_1_228' title='bbox 681 3022 778 3089; x_wconf 86' lang='lat' dir='ltr'><strong>(supra</strong></span> <span class='ocrx_word' id='word_1_229' title='bbox 796 3037 836 3074; x_wconf 95' lang='lat' dir='ltr'><strong><em>nr.</em></strong></span> <span class='ocrx_word' id='word_1_230' title='bbox 852 3025 868 3076; x_wconf 76' lang='lat'><strong>7</strong></span> <span class='ocrx_word' id='word_1_231' title='bbox 887 3020 1055 3091; x_wconf 72' lang='lat' dir='ltr'><strong><em>signatam),</em></strong></span> <span class='ocrx_word' id='word_1_232' title='bbox 1079 3023 1109 3076; x_wconf 90' lang='lat' dir='ltr'><strong><em>in</em></strong></span> <span class='ocrx_word' id='word_1_233' title='bbox 1125 3020 1146 3074; x_wconf 92' lang='lat' dir='ltr'><em>B</em></span> 
     </span>
     <span class='ocr_line' id='line_1_27' title="bbox 129 3089 1147 3163; baseline 0.003 -20"><span class='ocrx_word' id='word_1_234' title='bbox 129 3090 195 3159; x_wconf 79' lang='lat' dir='ltr'><strong>post</strong></span> <span class='ocrx_word' id='word_1_235' title='bbox 213 3104 292 3158; x_wconf 90' lang='lat' dir='ltr'><strong>prop.</strong></span> <span class='ocrx_word' id='word_1_236' title='bbox 313 3093 338 3158; x_wconf 83' lang='grc'><strong><em>6,</em></strong></span> <span class='ocrx_word' id='word_1_237' title='bbox 355 3089 386 3143; x_wconf 89' lang='lat' dir='ltr'><strong><em>in</em></strong></span> <span class='ocrx_word' id='word_1_238' title='bbox 403 3090 422 3144; x_wconf 91' lang='lat' dir='ltr'>b</span> <span class='ocrx_word' id='word_1_239' title='bbox 441 3091 507 3159; x_wconf 78' lang='lat' dir='ltr'><strong>post</strong></span> <span class='ocrx_word' id='word_1_240' title='bbox 523 3105 604 3159; x_wconf 84' lang='lat' dir='ltr'><strong>prop.</strong></span> <span class='ocrx_word' id='word_1_241' title='bbox 626 3094 641 3144; x_wconf 78' lang='lat' dir='ltr'><strong>o</strong></span> <span class='ocrx_word' id='word_1_242' title='bbox 660 3092 749 3160; x_wconf 82' lang='lat' dir='ltr'><strong>(prop.</strong></span> <span class='ocrx_word' id='word_1_243' title='bbox 767 3095 783 3144; x_wconf 86' lang='grc'><strong>6</strong></span> <span class='ocrx_word' id='word_1_244' title='bbox 802 3091 902 3161; x_wconf 80' lang='lat' dir='ltr'><strong><em>deest),</em></strong></span> <span class='ocrx_word' id='word_1_245' title='bbox 920 3093 951 3146; x_wconf 93' lang='lat' dir='ltr'><strong><em>in</em></strong></span> <span class='ocrx_word' id='word_1_246' title='bbox 968 3108 987 3160; x_wconf 90' lang='lat' dir='ltr'>q</span> <span class='ocrx_word' id='word_1_247' title='bbox 1005 3095 1074 3161; x_wconf 73' lang='lat' dir='ltr'><strong>posi</strong></span> <span class='ocrx_word' id='word_1_248' title='bbox 1086 3108 1147 3163; x_wconf 89' lang='lat' dir='ltr'><strong>pro·</strong></span> 
     </span>
     <span class='ocr_line' id='line_1_28' title="bbox 129 3158 1147 3234; baseline 0.003 -21"><span class='ocrx_word' id='word_1_249' title='bbox 129 3158 299 3229; x_wconf 79' lang='lat' dir='ltr'><strong>positionem</strong></span> <span class='ocrx_word' id='word_1_250' title='bbox 316 3158 346 3214; x_wconf 92' lang='lat' dir='ltr'><strong><em>in</em></strong></span> <span class='ocrx_word' id='word_1_251' title='bbox 365 3176 399 3215; x_wconf 93' lang='lat' dir='ltr'><strong><em>eo</em></strong></span> <span class='ocrx_word' id='word_1_252' title='bbox 418 3162 539 3229; x_wconf 79' lang='lat' dir='ltr'><strong>sextam,</strong></span> <span class='ocrx_word' id='word_1_253' title='bbox 559 3176 645 3229; x_wconf 87' lang='lat' dir='ltr'><strong>quam</strong></span> <span class='ocrx_word' id='word_1_254' title='bbox 664 3176 749 3231; x_wconf 86' lang='lat' dir='ltr'><strong>supra</strong></span> <span class='ocrx_word' id='word_1_255' title='bbox 765 3180 806 3218; x_wconf 89' lang='lat' dir='ltr'><strong><em>nr.</em></strong></span> <span class='ocrx_word' id='word_1_256' title='bbox 827 3168 843 3216; x_wconf 78' lang='grc' dir='ltr'><strong><em>Ἰ</em></strong></span> <span class='ocrx_word' id='word_1_257' title='bbox 862 3161 1050 3234; x_wconf 77' lang='lat' dir='ltr'><strong>signauimus3</strong></span> <span class='ocrx_word' id='word_1_258' title='bbox 1077 3161 1147 3218; x_wconf 80' lang='lat' dir='ltr'><strong><em>inV</em></strong></span> 
     </span>
     <span class='ocr_line' id='line_1_29' title="bbox 130 3230 1147 3304; baseline 0.005 -20"><span class='ocrx_word' id='word_1_259' title='bbox 130 3230 258 3300; x_wconf 82' lang='lat' dir='ltr'><strong>analyses</strong></span> <span class='ocrx_word' id='word_1_260' title='bbox 276 3248 357 3301; x_wconf 86' lang='lat' dir='ltr'><strong>prop.</strong></span> <span class='ocrx_word' id='word_1_261' title='bbox 378 3236 456 3286; x_wconf 85' lang='grc'><strong><em>1-3</em></strong></span> <span class='ocrx_word' id='word_1_262' title='bbox 478 3230 509 3285; x_wconf 92' lang='lat' dir='ltr'><strong><em>in</em></strong></span> <span class='ocrx_word' id='word_1_263' title='bbox 531 3231 612 3286; x_wconf 78' lang='lat' dir='ltr'><strong>textu</strong></span> <span class='ocrx_word' id='word_1_264' title='bbox 635 3235 700 3287; x_wconf 81' lang='lat' dir='ltr'><strong>suni</strong></span> <span class='ocrx_word' id='word_1_265' title='bbox 722 3233 788 3303; x_wconf 77' lang='lat' dir='ltr'><strong>post</strong></span> <span class='ocrx_word' id='word_1_266' title='bbox 809 3249 890 3303; x_wconf 89' lang='lat' dir='ltr'><strong>prop.</strong></span> <span class='ocrx_word' id='word_1_267' title='bbox 914 3238 943 3302; x_wconf 82' lang='lat'><strong><em>6,</em></strong></span> <span class='ocrx_word' id='word_1_268' title='bbox 970 3250 1051 3304; x_wconf 89' lang='lat' dir='ltr'><strong>prop.</strong></span> <span class='ocrx_word' id='word_1_269' title='bbox 1071 3238 1147 3289; x_wconf 82' lang='lat'><strong><em>4-5</em></strong></span> 
     </span>
     <span class='ocr_line' id='line_1_30' title="bbox 131 3301 559 3372; baseline 0.012 -18"><span class='ocrx_word' id='word_1_270' title='bbox 131 3301 232 3356; x_wconf 88' lang='lat' dir='ltr'><strong>eodem</strong></span> <span class='ocrx_word' id='word_1_271' title='bbox 250 3302 313 3357; x_wconf 86' lang='lat' dir='ltr'><strong>loeo</strong></span> <span class='ocrx_word' id='word_1_272' title='bbox 332 3319 389 3372; x_wconf 80' lang='lat' dir='ltr'><strong><em>mg.</em></strong></span> <span class='ocrx_word' id='word_1_273' title='bbox 408 3302 458 3357; x_wconf 81' lang='lat' dir='ltr'><strong>inf.</strong></span> <span class='ocrx_word' id='word_1_274' title='bbox 478 3320 515 3358; x_wconf 93' lang='lat' dir='ltr'><strong><em>m.</em></strong></span> <span class='ocrx_word' id='word_1_275' title='bbox 535 3308 559 3360; x_wconf 81' lang='lat'><strong><em>2.</em></strong></span> 
     </span>
    </p>
   </div>
   <div class='ocr_carea' id='block_1_6' title="bbox 128 3458 1147 3606">
    <p class='ocr_par' dir='ltr' id='par_1_9' title="bbox 128 3458 1147 3606">
     <span class='ocr_line' id='line_1_31' title="bbox 201 3458 1147 3546; baseline 0.006 -31"><span class='ocrx_word' id='word_1_276' title='bbox 201 3460 425 3546; x_wconf 51' lang='lat' dir='ltr'><strong><em>anaim.</em></strong></span> <span class='ocrx_word' id='word_1_277' title='bbox 512 3467 537 3516; x_wconf 81' lang='lat' dir='ltr'><strong><em>r.</em></strong></span> <span class='ocrx_word' id='word_1_278' title='bbox 557 3466 607 3515; x_wconf 78' lang='grc' dir='ltr'><strong><em>ΒΑ</em></strong></span> <span class='ocrx_word' id='word_1_279' title='bbox 640 3467 690 3516; x_wconf 77' lang='grc' dir='ltr'><strong><em>ΑΒ</em></strong></span> <span class='ocrx_word' id='word_1_280' title='bbox 709 3480 736 3531; x_wconf 83' lang='lat' dir='ltr'><strong><em>q.</em></strong></span> <span class='ocrx_word' id='word_1_281' title='bbox 822 3469 847 3518; x_wconf 76' lang='grc' dir='ltr'><strong><em>ο.</em></strong></span> <span class='ocrx_word' id='word_1_282' title='bbox 866 3458 961 3546; x_wconf 55' lang='lat' dir='ltr'><strong><em>aad</em></strong></span> <span class='ocrx_word' id='word_1_283' title='bbox 981 3463 1013 3522; x_wconf 89' lang='lat' dir='ltr'><strong><em>P.</em></strong></span> <span class='ocrx_word' id='word_1_284' title='bbox 1090 3466 1147 3538; x_wconf 77' lang='grc' dir='ltr'><strong><em>ΔΑ]</em></strong></span> 
     </span>
     <span class='ocr_line' id='line_1_32' title="bbox 128 3530 1105 3606; baseline 0.01 -24"><span class='ocrx_word' id='word_1_285' title='bbox 128 3535 179 3583; x_wconf 81' lang='grc' dir='ltr'><strong><em>ΑΔ</em></strong></span> <span class='ocrx_word' id='word_1_286' title='bbox 197 3531 227 3584; x_wconf 93' lang='grc' dir='ltr'><strong><em>Ρ.</em></strong></span> <span class='ocrx_word' id='word_1_287' title='bbox 281 3550 334 3600; x_wconf 91' lang='grc' dir='ltr'><strong><em>την</em></strong></span> <span class='ocrx_word' id='word_1_288' title='bbox 352 3536 402 3586; x_wconf 83' lang='grc' dir='ltr'><strong><em>ΑΔ</em></strong></span> <span class='ocrx_word' id='word_1_289' title='bbox 420 3530 450 3587; x_wconf 92' lang='grc' dir='ltr'><strong><em>Ρ.</em></strong></span> <span class='ocrx_word' id='word_1_290' title='bbox 516 3539 541 3588; x_wconf 78' lang='grc'><strong><em>7.</em></strong></span> <span class='ocrx_word' id='word_1_291' title='bbox 560 3537 608 3587; x_wconf 86' lang='grc' dir='ltr'><strong><em>ΔΑ</em></strong></span> <span class='ocrx_word' id='word_1_292' title='bbox 641 3538 694 3587; x_wconf 89' lang='grc' dir='ltr'><strong><em>ΔΒ</em></strong></span> <span class='ocrx_word' id='word_1_293' title='bbox 713 3534 740 3589; x_wconf 92' lang='lat' dir='ltr'><strong><em>b.</em></strong></span> <span class='ocrx_word' id='word_1_294' title='bbox 795 3533 859 3606; x_wconf 85' lang='grc' dir='ltr'><strong><em>τήν]</em></strong></span> <span class='ocrx_word' id='word_1_295' title='bbox 880 3536 979 3605; x_wconf 78' lang='lat' dir='ltr'><strong>(prius)</strong></span> <span class='ocrx_word' id='word_1_296' title='bbox 1000 3552 1055 3591; x_wconf 88' lang='lat' dir='ltr'><strong><em>om.</em></strong></span> <span class='ocrx_word' id='word_1_297' title='bbox 1076 3537 1105 3593; x_wconf 88' lang='lat' dir='ltr'><strong><em>b.</em></strong></span> 
     </span>
    </p>
   </div>
   <div class='ocr_carea' id='block_1_7' title="bbox 0 0 1238 3952">
    <p class='ocr_par' dir='ltr' id='par_1_10' title="bbox 0 0 1238 3952">
     <span class='ocr_line' id='line_1_33' title="bbox 0 0 1238 3952; baseline 0 1"><span class='ocrx_word' id='word_1_298' title='bbox 0 0 1238 3952; x_wconf 95' lang='lat' dir='ltr'><strong><em> </em></strong></span> 
     </span>
    </p>
   </div>
  </div>
 </body>
</html>
