2468 3952
474 201 655 252 ΑΡΡΕΝυιΧ
672 201 707 251 11.
1033 194 1098 260 389

84 357 139 433 ἴση
164 345 254 413 ἐστὶν
278 341 299 431 ἡ
319 349 383 412 ΓΕ
403 347 443 431 vy}
463 349 542 425 ΛΑ,
566 347 624 409 καί
641 341 709 408 ε’σιι
728 342 786 427 τῆς
804 339 865 427 μὲν
885 346 950 408 ΓΕ
966 341 1100 428 ἡμίσεια

83 451 103 539 ἡ
131 459 214 538 ΓΝ,
243 456 300 537 τῆς
328 450 366 518 δὲ
389 458 454 517 ΔΑ
481 447 615 536 ἡμίσεια
643 446 663 535 ἡ
688 455 767 534 ΛΑ,
796 457 851 533 ἴση
875 445 940 532 ίίρα
965 446 1100 534 ἐσιῖνὴ

82 565 155 627 ΓΝ
173 563 214 648 vy}
238 566 315 625 ΛΑ·
339 563 407 625 ἔστι
431 556 468 624 δὲ
490 556 546 623 καὶ
569 553 590 643 v}
616 563 692 623 ΣΝ
709 566 749 643 τῇ
774 562 842 623 ΣΛ
866 563 931 641 ἴση.
969 556 1032 623 δύο
1058 557 1100 642 δὴ

84 669 121 732 αί
142 671 225 750 ΓΝ,
245 670 319 730 ΝΣ
339 667 417 730 δυσὶ
439 677 511 743 ταῖς
529 669 608 748 ΛΑ,
628 670 659 728 Λ
666 669 700 728 Σ
721 669 791 729 ἴσαι
814 665 891 729 είσί·
915 661 970 728 καὶ
994 668 1100 748 γωνία

83 770 104 858 ἡ
132 769 198 839 ὑπὸ
221 775 332 849 ΥΓΝΣ
353 776 459 861 γωνίᾳ
482 774 521 859 vy}
544 768 611 837 ὑπὸ
636 776 742 836 ΣΛΑ
766 777 834 855 ἴση·
862 767 960 853 βάσις
988 766 1100 855 ίίραὴ

84 885 151 946 ΓΣ
180 877 277 964 βιίσει
307 882 347 966 vy}
376 884 445 944 ΣΑ
475 885 546 962 ἴση,
578 876 634 942 καὶ
661 875 699 943 τὸ
729 881 836 942 ΓΝΣ
860 879 1028 962 τρίγωνον
1055 879 1101 967 τῷ

85 992 192 1053 ΑΛΣ
211 983 363 1074 τριγώνῳ
387 992 463 1052 ἴσον
487 988 593 1068 ἔσται,
616 983 672 1050 καὶ
696 985 733 1049 αι’
748 982 862 1050 λοιπαὶ
886 986 1006 1067 γωνίαι
1029 995 1102 1061 ταῖς

83 1100 215 1171 λοιπαῖς
237 1095 375 1176 γωνίαις
400 1097 469 1156 ἴσαι
493 1093 641 1173 ἔσονται,
664 1086 724 1176 ὑφ’
751 1086 791 1168 ἃς
814 1091 852 1154 αἴ
869 1097 938 1156 ἴσαι
961 1088 1102 1175 πλευραί

84 1195 330 1266 ὑποτείνουσιν.
381 1205 435 1283 ἴση
467 1195 532 1283 ἄρα
560 1197 650 1262 ἐστὶν
678 1193 699 1281 ἡ
728 1193 793 1263 ὑπὸ
821 1199 890 1263 των
919 1200 1000 1281 ΓΣ,
1031 1201 1107 1261 ΣΝ

85 1311 190 1391 γωνία
218 1307 257 1391 vy}
285 1301 350 1371 ὑπὸ
378 1306 446 1369 τῶν
474 1308 557 1386 ΛΣ,
586 1309 663 1370 ΣΑ.
712 1298 810 1386 κοινὴ
838 1307 1052 1389 προσκείσθω
1081 1298 1101 1387 y}

85 1408 151 1478 ὑπὸ
174 1415 242 1478 τῶν
262 1417 350 1494 ΝΣ,
376 1417 455 1475 ΣΑ·
480 1411 517 1475 αί
538 1406 603 1495 ἄρα
626 1405 692 1476 ὑπὸ
717 1413 785 1475 τῶν
804 1414 884 1494 ΓΣ,
909 1416 996 1495 ΣΝ,
1016 1416 1102 1492 ΝΣ,

86 1524 154 1583 ΣΑ
181 1529 252 1594 ταῖς
279 1512 346 1582 ὑπὸ
374 1518 443 1582 τῶν
471 1521 554 1599 ΛΣ,
583 1522 668 1599 ΣΑ,
698 1521 781 1600 ΑΣ,
810 1522 885 1581 ΣΝ
908 1524 980 1583 ἴσαι
1008 1520 1102 1584 είσίν.

85 1620 157 1690 ἀλλ’
184 1625 221 1688 αἴ
243 1619 309 1689 ὑπὸ
333 1625 400 1689 τῶν
424 1629 507 1707 ΛΣ,
537 1628 620 1706 ΣΑ,
648 1629 732 1706 ΑΣ,
763 1628 838 1688 ΣΝ
858 1622 957 1689 δυσὶν
982 1620 1103 1710 ὀρθαῖς

86 1738 155 1796 ίσαι
184 1734 262 1796 είσί·
289 1727 372 1812 πρὸς
400 1727 442 1814 δή
471 1753 537 1796 τινι
566 1723 684 1818 εὐθείᾳ
710 1732 750 1817 vy}
774 1734 848 1794 ΝΣ
873 1730 996 1821 καὶτῷ
1020 1728 1103 1817 πρὸς

86 1834 170 1923 αὐτῇ
200 1839 323 1926 σημείῳ
347 1839 393 1926 vy}
417 1842 452 1900 Σ
477 1834 539 1902 δύο
564 1833 694 1903 εὐθεῖαι
722 1838 759 1901 αί
780 1842 860 1921 ΣΓ,
889 1842 958 1902 ΣΑ
981 1835 1025 1922 μὴ
1051 1835 1103 1904 ἐπὶ
1186 1870 1188 1874 ’

85 1942 125 2010 τὰ
147 1940 229 2008 αὐτὰ
249 1944 331 2028 μέρη
351 1946 499 2027 κείμεναι
517 1940 576 2021 τὰς
595 1943 712 2028 ἑφεξῆς
726 1947 851 2028 γωνίας
866 1944 966 2011 δυσὶν
982 1939 1104 2029 ὀρθαῖς

87 2057 160 2127 ἴσας
183 2052 316 2115 ποιοῦσι
341 2047 400 2129 τὰς
423 2046 487 2115 ὑπὸ
507 2050 575 2115 τῶν
594 2054 717 2134 ΓΣΝ,
742 2055 859 2116 ΝΣΑ.
898 2047 947 2117 ἐπ’
970 2047 1104 2131 εὐθείας

86 2152 152 2241 ίίρα
176 2153 266 2220 ἐστὶν
289 2152 309 2239 ἡ
334 2160 400 2220 ΓΣ
420 2158 460 2240 vy}
484 2162 561 2221 ΣΑ.
603 2150 658 2221 διὰ
682 2153 722 2222 vo}
748 2154 833 2222 αὐτὰ
857 2154 899 2242 δὴ
921 2154 1021 2252 wlff}
1040 2164 1109 2225 ΒΤ

86 2264 125 2349 vy}
155 2268 224 2328 ΤΗ
243 2259 296 2328 ἐπ’
324 2259 459 2340 εὐθείας
483 2263 559 2332 ἐστι’.
601 2261 657 2328 καὶ
680 2262 749 2329 ἐπεὶ
774 2269 829 2348 ἴση
853 2261 943 2330 ἐστὶν
967 2263 1103 2351 ἑκατέρα

86 2371 154 2436 τῶν
182 2374 258 2451 ΓΒ,
286 2374 359 2434 ΑΗ
384 2371 424 2456 vy}
448 2375 525 2454 ΕΘ,
559 2366 643 2436 ἀλλὰ
671 2370 727 2436 καὶ
755 2368 975 2457 παράλληλοι,
1003 2373 1041 2436 αί
1067 2369 1104 2437 δὲ

88 2472 176 2562 παρὰ
210 2473 271 2559 τὴν
305 2471 411 2560 αὐτὴν
443 2475 582 2542 εὐθεῖαν
614 2474 658 2563 μὴ
693 2478 730 2543 ἐν
762 2479 807 2568 τῷ
841 2473 930 2570 αὐτῷ
960 2477 1103 2567 ἐπιπέδῳ

89 2572 188 2647 οὖσαι
210 2579 417 2667 παράλληλοι
443 2585 539 2667 είσίν,
563 2584 600 2649 αι’
618 2589 694 2667 ΓΒ,
717 2589 795 2650 ΑΗ
813 2581 879 2671 ἄρα
903 2592 974 2650 ἴσαι
996 2584 1103 2650 τεκαὶ

88 2687 297 2773 παράλληλοί
317 2690 389 2754 είσι.
426 2689 482 2755 καὶ
506 2689 735 2775 ἐπεζευγμέναι
759 2690 845 2756 είσὶυ
868 2693 905 2755 αἱ
921 2695 997 2773 ΓΑ,
1021 2693 1105 2777 ΒΗ,

88 2800 147 2859 καί
167 2794 235 2860 ἐστι
258 2796 316 2878 τῆς
339 2792 399 2880 μὲν
419 2800 480 2861 ΓΑ
502 2792 633 2880 ἡμίσεια
657 2793 678 2881 ἡ
698 2801 781 2881 ΣΑ,
804 2798 863 2880 τῆς
886 2793 924 2863 δὲ
942 2800 1015 2861 ΒΗ
1033 2791 1106 2880 ἡμί-

89 2918 162 2965 σεια
185 2896 206 2984 ἡ
227 2906 298 2995 ΒΓ.
344 2903 382 2966 αἴ
397 2905 480 2984 ΣΑ,
503 2908 572 2968 ΒΤ
590 2900 656 2988 ίίρα
680 2910 749 2968 ἴσαι
772 2901 880 2969 τεκαὶ
899 2901 1109 2991 παράλληλοί

90 3009 167 3071 είσι·
200 3004 255 3071 καὶ
284 3006 513 3090 ἐπεζευγμέναι
547 3007 632 3074 είσῖν
661 3009 699 3072 αἴ
724 3013 803 3091 ΣΤ,
836 3013 911 3074 ΑΒ.
958 3015 1013 3093 ἴση
1042 3005 1106 3095 ἄρα

91 3111 181 3178 ἐστὶν
206 3109 226 3196 ἡ
251 3109 312 3195 μὲν
337 3114 463 3198 ΣΓτῇ
487 3118 562 3198 ΥΤ,
586 3109 606 3199 ἡ
631 3112 668 3180 δὲ
687 3121 756 3179 AY
775 3108 814 3201 vy}
836 3119 908 3179 ΤΒ·
933 3109 1014 3200 ὅπερ
1039 3117 1105 3180 ἔδει

92 3220 205 3298 δεῖξαι.

562 3323 635 3391 ἴθ’.
1125 3341 1159 3396 ει

157 3425 236 3496 Ἐὰν
255 3420 276 3516 y}
297 3428 359 3497 δύο
378 3437 542 3516 πρίσματα
562 3397 701 3516 ἴσουψη,
719 3430 775 3497 καὶ
793 3428 829 3498 τὸ
845 3430 907 3517 μὲν
922 3435 988 3517 ἔχει
1006 3429 1107 3516 βάσιν

91 3540 268 3620 τρίγωνον,
300 3538 338 3601 τὸ
367 3535 404 3603 δὲ
431 3534 794 3625 παραλληλόγραμμον,
823 3534 1001 3633 διπλάσιον
1025 3537 1063 3605 δὲ
1085 3530 1106 3627 y}
