2468 3952
152 208 217 276 336
523 210 725 262 Στοιποιαιι
743 206 792 279 η’.

152 362 210 437 τῆς
233 357 305 418 ΒΔ.
349 354 468 437 τριπλη
497 350 535 418 δὲ
563 348 583 437 ἡ
607 359 640 418 Α
647 358 673 418 Β
697 361 755 436 τῆς
777 358 854 418 ΒΛ·
882 350 1089 438 τριπλάσιον
1113 350 1173 440 ἄρα

151 457 190 525 τὸ
215 456 281 525 ἀπὸ
305 461 364 543 της
383 464 444 524 ΖΒ
467 461 528 524 τοῦ
552 454 618 525 ιἰπὸ
641 468 699 543 της
718 465 789 524 ΒΛ.
823 462 892 525 ἔστι
915 456 954 525 δὲ
972 458 1033 525 καὶ
1053 457 1091 526 τὸ
1112 456 1170 526 ἀπὸ

152 567 211 649 τῆς
229 571 295 630 ΑΛ
318 568 379 632 τοῦ
403 561 469 631 ἀπὸ
492 568 551 650 τῆς
569 571 636 634 ΔΒ
658 563 915 649 τετραπλάσιον·
941 568 1047 652 διπλῆ
1071 562 1171 651 γὰρὴ

153 679 220 738 ΑΛ
242 675 300 757 τῆς
319 677 400 737 ΛΒ·
424 676 536 755 μεῖζον
559 669 625 757 ι’ίρα
647 669 685 738 τὸ
705 667 770 738 ἀπὸ
788 674 847 757 τῆς
866 680 932 738 ΑΛ
951 674 1014 739 τού
1034 669 1103 740 ἀπὸ
1121 676 1173 757 τῆς

120 784 230 844 ῡΖΒ·
257 783 378 862 μείζων
405 776 469 862 ἄρα
497 775 518 863 η
543 784 612 845 ΑΔ
639 781 698 864 τῆς
722 785 796 845 ΖΒ·
824 781 937 870 πολλῷ
966 776 1036 864 ἄρα
1063 775 1087 866 ἡ
1114 786 1171 846 ΑΛ

154 887 212 968 τῆς
239 890 300 950 ΖΒ
332 889 451 969 μείζων
485 886 585 951 ἐστίν.
629 884 684 950 καί
713 888 771 970 τῆς
798 884 859 971 μὲν
887 890 952 952 ΑΛ
985 882 1097 973 ίίκρον
1124 884 1172 952 καί

154 989 258 1075 μέσον
281 987 385 1075 λόγον
403 991 607 1076 τεμνομένης
625 988 662 1058 τὸ
683 996 795 1076 μεῖζον
813 991 925 1077 τμῆμά
943 990 1039 1058 ἐστιν
1057 989 1079 1079 ἡ
1099 998 1172 1077 ΚΛ,

155 1094 331 1185 ἐπειδήπερ
354 1092 375 1182 ἡ
400 1095 462 1181 μέν
479 1102 545 1162 ΛΚ
569 1094 741 1181 ἑξαγώνου
763 1098 864 1182 ἐστίν,
887 1093 909 1182 ἡ
933 1095 971 1164 δὲ
989 1102 1058 1165 ΚΑ
1083 1100 1171 1165 δεκα-

154 1201 282 1286 γώνου·
305 1212 363 1288 τῆς
387 1201 424 1269 δέ
444 1209 505 1269 ΖΒ
525 1199 630 1289 ἄκρον
648 1202 706 1269 καί
724 1202 827 1288 μέσον
846 1202 951 1288 λόγον
969 1205 1172 1291 τεμνομένης

104 1307 192 1375 10τό
217 1313 329 1393 μεῖζον
353 1307 464 1395 τμῆμοί
488 1311 579 1377 ἐστιν
601 1336 622 1395 η
647 1316 729 1377 ΝΒ·
753 1314 872 1396 μείζων
896 1308 962 1397 ἄρα
984 1307 1006 1396 ἡ
1032 1317 1101 1377 ΚΛ
1122 1313 1173 1395 τῆς

155 1419 232 1481 ΝΒ.
270 1421 325 1499 ίση
355 1414 392 1482 δὲ
419 1412 439 1500 ἡ
464 1421 528 1482 ΚΛ
556 1418 597 1501 τῇ
622 1421 708 1481 ΛΜ·
737 1419 857 1501 μείζων
884 1412 950 1499 ἄρα
973 1412 994 1502 ἡ
1020 1421 1105 1483 ΛΜ
1122 1417 1173 1501 τῆς

155 1525 223 1585 ΝΒ
253 1522 323 1604 [της
351 1520 388 1588 δὲ
412 1527 493 1588 AM
515 1526 635 1607 μείζων
663 1520 754 1589 ἐστὶν
781 1517 801 1608 ἡ
826 1526 925 1605 ΜΒ].
971 1528 1088 1614 πολλῷ
1113 1520 1172 1608 ἄρα

155 1621 176 1710 ἡ
201 1631 272 1692 ΜΒ
295 1624 421 1713 πλευρὰ
446 1618 532 1694 οὖσα
554 1637 617 1693 τοῦ
641 1626 858 1713 εἰκοσαέδρου
880 1632 1002 1712 μείζων
1027 1628 1099 1696 έστί
1121 1631 1173 1714 της

131 1761 133 1766 ·
156 1737 223 1798 ΝΒ
243 1740 388 1820 πλευρᾶς
407 1731 510 1818 οὔσης
528 1735 589 1799 τοῦ
610 1733 855 1817 δωδεκαέδρου·
874 1731 956 1822 ὅπερ
976 1737 1047 1801 ἔδει
1064 1736 1172 1815 δεῖξαι.

105 1998 137 2047 ιο
224 1982 335 2067 Λέγω
359 1977 424 2066 δη,
453 1976 514 2046 ὅτι
537 1980 640 2068 παρὰ
657 1978 709 2047 ’τὰ
733 1980 921 2069 εἰρημένα
944 1981 1064 2050 πέντε
1088 1980 1175 2070 σχη-

156 2114 258 2174 ματα
285 2082 332 2154 οὐ
356 2085 650 2172 συσταθήσεται
678 2088 818 2176 ἕτερον
842 2096 972 2174 σχῆμα
994 2087 1175 2177 περιεχύ-

156 2218 277 2278 μενον
300 2189 376 2259 ὑπὸ
401 2191 650 2281 ἰσοπλεύρων
673 2217 712 2260 τε
735 2192 800 2259 καί
824 2196 1058 2280 ἰσογωνίων
1082 2203 1176 2263 ἰσων

157 2295 355 2383 ἀλληλοις

219 2399 298 2468 Ὑπὸ
330 2400 392 2488 μὲν
423 2400 487 2488 γὰρ
521 2402 583 2471 δύο
624 2404 798 2493 τριγώνων
833 2400 855 2491 ἢ
889 2402 975 2484 ὅλως
1009 2408 1175 2476 ἐπιπέδων

106 2528 141 2577 20
161 2505 275 2592 στερεὰ
299 2511 406 2592 γωνία
426 2506 467 2576 οὐ
486 2515 690 2579 συνίσταται.
726 2508 792 2578 ὑπὸ
817 2510 854 2578 δὲ
877 2520 982 2598 τριῶν
1001 2511 1176 2600 τριγώνων

158 2610 178 2700 ἡ
202 2623 260 2700 της
282 2617 485 2701 πυραμίδος,
508 2612 574 2683 ὑπὸ
599 2615 636 2683 δέ
658 2618 830 2703 τεσσάρων
852 2613 873 2702 ἡ
896 2626 958 2684 τού
982 2614 1177 2708 ὀκταέδρου,

158 2717 223 2789 ὑπὸ
249 2719 286 2787 δὲ
308 2722 406 2789 πέντε
429 2719 449 2808 ἡ
473 2731 534 2789 τοῦ
554 2723 785 2809 εἰκοσαέδρου·
808 2720 873 2791 ὑπὸ
894 2721 931 2790 δέ
949 2724 983 2804 ἓξ
1001 2723 1176 2811 τριγώνων

159 2826 369 2915 ἰσοπλεύρων
397 2853 431 2895 τε
458 2827 514 2894 καί
542 2831 732 2914 ἰσογωνίων
759 2831 844 2915 πρὸς
867 2828 918 2896 ένί
945 2835 1075 2922 σημείῳ
1100 2850 1175 2899 συν-

159 2935 346 3021 ισταμένων
380 2933 442 3002 οὐκ
474 2939 565 3001 ἔσται
598 2931 714 3021 στερεὰ
741 2940 861 3020 γωνία·
895 2935 1000 3021 ούσης
1026 2939 1093 3027 γὰρ
1122 2940 1177 3023 τῆς

107 3058 141 3108 25
159 3045 220 3108 τοῦ
256 3039 461 3128 ἰσοπλεύρου
496 3040 665 3129 τριγώνου
705 3046 829 3126 γωνίας
872 3044 1032 3131 διμοίρου
1072 3042 1177 3131 ὀρθῆς

160 3150 293 3214 ἔσονται
317 3149 356 3212 αί
376 3147 409 3226 ἓξ
432 3147 612 3226 τέσσαρσιν
636 3141 757 3232 ὀρθαῖς
780 3153 863 3213 ἰσαι·
887 3145 968 3234 ὅπερ
989 3144 1176 3218 ἀδύνατον·

229 3345 254 3393 2.
275 3338 350 3394 ἔστιν
369 3339 426 3394 PB.
518 3345 542 3397 5.
561 3339 610 3394 καὶ
629 3341 731 3409 μείζων
749 3339 781 3399 Β.
863 3337 920 3410 ἄρα
940 3343 992 3396 καί
1007 3343 1041 3398 V.
1131 3344 1177 3413 τῆς

161 3410 221 3481 ΖΒ]
241 3410 312 3479 (alt.)
331 3427 385 3465 om.
403 3411 433 3464 P.
526 3419 550 3466 6.
571 3407 633 3466 έστί
649 3411 705 3480 Vq.
800 3419 823 3466 7.
843 3410 1016 3501 τετμημένης
1033 3413 1069 3470 V.

161 3484 202 3534 11.
221 3485 286 3534 ΛΜ
301 3481 350 3549 τῆς
368 3482 433 3554 ΝΒ]
453 3483 482 3536 in
501 3499 555 3538 τωο.
574 3481 696 3540 m.1P.
775 3488 817 3537 12.
836 3487 885 3553 τῆς
903 3485 1084 3558 δε-ΜΒ]
1103 3487 1179 3558 post·

159 3549 271 3605 εοοδδ.
290 3551 320 3605 in
338 3570 394 3622 mg.
414 3571 450 3608 m.
473 3559 486 3607 1
506 3552 535 3607 P.
591 3560 633 3609 13.
653 3555 746 3624 μείζω,
765 3573 782 3608 ν
802 3554 865 3612 add.
884 3573 922 3609 m.
941 3561 957 3610 2
977 3554 1011 3612 V.
1071 3564 1114 3614 14.
1134 3558 1178 3614 Se·
