2468 3952
375 236 650 288 ELEMENTORUM
667 237 776 286 LIBER
792 238 853 288 XII.
1054 233 1118 299 207

106 378 241 443 dimidio
265 378 338 443 coni
363 380 406 463 [p.
427 379 584 462 192121.
630 379 696 444 iam
719 401 812 444 arcus
835 383 911 464 EZ,
934 384 1015 463 ZH,
1037 384 1120 465 ΗΘ,

106 488 172 550 ΘΕ
192 485 226 549 in
248 486 377 569 punctis
403 489 445 571 0,
472 491 520 566 Π,
547 491 587 569 Ρ,
614 490 649 550 Σ
669 487 704 550 in
731 487 810 551 duas
833 490 945 570 partes
969 488 1119 572 aequales
1220 557 1225 565 ,

105 595 264 676 secentur,
289 597 323 656 et
346 592 503 656 ducantur
527 596 605 677 EO,
630 596 703 676 ΟΖ,
728 597 809 676 ΖΠ,
832 597 920 677 ΠΗ,
943 597 1024 675 ΗΡ,
1048 598 1120 678 ΡΘ,
1219 675 1221 679 y

104 701 183 781 ΘΣ,
220 701 296 763 ΣΕ.
354 699 464 782 itaque
507 699 606 763 etiam
647 699 767 783 singuli
811 700 969 783 trianguli
1010 704 1037 764 E
1044 703 1120 785 ΟΖ,

104 807 216 888 ΖΠΗ,
238 807 342 888 ΗΡΘ,
365 808 459 869 ΘΣΕ
475 805 613 869 maiores
632 808 709 868 sunt
727 805 860 870 dimidio
880 808 1120 890 segmentorum

104 910 218 975 circuli
240 914 377 976 ΕΖΗΘ
400 909 440 974 ad
464 932 519 974 eos
546 910 779 993 pertinentium
808 913 851 994 [p.
876 911 948 994 142,
971 911 1038 992 22].
1088 916 1121 976 61

103 1016 139 1080 in
177 1016 313 1101 singulis
350 1015 522 1100 triangulis
560 1018 672 1098 EOZ,
713 1021 834 1101 ΖΠΗ,
869 1020 983 1102 ΗΡΘ,
1020 1022 1123 1083 ΘΣΕ

65 1167 67 1172 ,
103 1123 249 1206 pyramis
277 1125 483 1186 construatur
512 1121 649 1186 eundem
676 1123 830 1187 uerticem
857 1122 995 1207 habens,
1024 1146 1119 1209 quem

104 1249 215 1292 conus.
261 1227 369 1311 itaque
400 1228 499 1292 etiam
528 1228 675 1312 singulae
702 1227 890 1311 pyramides
914 1233 1119 1295 constructae

103 1334 243 1398 maiores
268 1337 343 1397 sunt
366 1333 500 1398 dimidio
524 1338 765 1419 segmentorum
790 1335 863 1397 coni
886 1333 927 1398 ad
946 1356 1000 1400 eas
1019 1336 1119 1419 perti·

36 1504 40 1509 .
103 1440 251 1505 nentium
276 1442 319 1524 [p.
345 1439 417 1517 194,
443 1440 506 1519 11].
556 1439 621 1504 iam
645 1439 673 1503 si
697 1461 788 1504 arcus
812 1440 953 1523 reliquos
981 1443 1016 1506 in
1040 1443 1118 1507 duas

103 1550 215 1631 partes
239 1545 390 1630 aequales
414 1545 610 1610 senuerimus
634 1550 667 1609 et
689 1548 794 1613 rectas
819 1544 1003 1611 duxerimus
1028 1552 1060 1612 et
1084 1549 1119 1612 in

103 1652 241 1737 singulis
266 1652 438 1736 triangulis
466 1651 652 1735 pyramides
681 1652 955 1716 construxerimus
980 1653 1117 1717 eundem

102 1759 257 1823 uerticem
286 1758 458 1841 habentes,
486 1779 583 1841 quem
606 1778 719 1841 conus,
747 1761 780 1821 et
801 1757 863 1822 hoc
887 1779 1014 1841 semper
1036 1759 1117 1824 fece-

101 1864 213 1949 rimus,
236 1864 341 1929 frusta
365 1862 523 1947 quaedam
546 1863 620 1928 coni
638 1864 868 1948 relinquemus,
890 1886 972 1948 quae
991 1865 1117 1930 minora

103 1974 199 2035 erunt
222 1992 364 2055 excessu,
387 1992 450 2054 quo
470 1973 768 2035 1011111ΕΖΗΘΝ
783 1970 923 2035 solidum
937 1969 968 2044 a
983 1970 1117 2036 excedit.

102 2077 326 2160 relinquantur
349 2084 383 2140 et
406 2075 471 2139 sint
494 2097 541 2159 ea,
566 2096 648 2158 quae
671 2075 706 2139 in
728 2078 806 2159 ΕΟ,
832 2079 906 2161 ΟΖ,
930 2078 1010 2159 ΖΠ,
1033 2080 1117 2159 ΠΗ,

101 2186 183 2267 ΗΡ,
213 2186 283 2267 ΡΘ,
312 2186 390 2261 ΘΣ,
419 2185 487 2246 ΣΕ
515 2181 621 2265 posita
649 2185 734 2246 sunt.
780 2183 889 2265 itaque
917 2202 998 2264 quae
1020 2181 1116 2245 relin-

102 2289 211 2373 quitur
233 2288 387 2373 pyramis,
415 2287 504 2352 cuius
532 2288 620 2352 basis
649 2292 698 2352 est
720 2290 1003 2352 ΕΟΖΠΗΡΘΣ
1023 2288 1117 2371 poly-

99 2415 231 2480 gonum,
254 2397 366 2458 uertex
389 2397 498 2458 autem
520 2398 677 2477 punctum
695 2398 743 2478 N,
766 2394 870 2458 maior
890 2396 941 2458 est
959 2393 1061 2458 solido
1080 2393 1115 2467 Ξ.

99 2499 167 2565 iam
186 2501 284 2565 etiam
302 2500 337 2565 in
356 2500 511 2565 circulum
529 2503 662 2564 ΑΒΓΔ
681 2500 849 2584 polygono
869 2501 1119 2563 ΕΟΖΠΗΡΘΣ

101 2605 208 2672 simile
231 2610 264 2671 et
287 2606 436 2671 similiter
459 2606 603 2690 positum
625 2606 823 2690 polygonum
841 2607 1121 2668 ΑΤΒΥΓΦΔΧ

99 2712 296 2778 inscribatur
320 2711 396 2795 [VI,
420 2712 491 2795 18],
520 2715 553 2775 61
578 2711 615 2774 in
642 2710 807 2795 polygono
830 2713 1120 2774 ΑΤΒΥΓΦΔΧ

101 2819 246 2902 pyramis
274 2822 483 2883 construatur
511 2816 647 2882 eundem
675 2817 831 2881 uerticem
853 2816 991 2899 habens,
1019 2838 1115 2898 quem

101 2945 210 3008 conus,
233 2930 266 2988 et
290 2947 329 2988 ex
347 2924 520 3009 triangulis
540 2922 885 3006 comprehendentibus
903 2920 1115 3006 pyramidem,

101 3030 190 3096 cuius
227 3031 316 3095 basis
353 3035 403 3095 est
438 3031 639 3115 polygonum
673 3030 965 3112 ΑΤΒΥΓΦΔΧ,
1001 3031 1115 3090 uertex

100 3141 208 3202 autem
231 3141 263 3200 Λ
286 3140 456 3221 punctum,
478 3158 560 3200 unus
584 3136 628 3200 sit
652 3138 716 3199 ΑΒ
726 3138 764 3217 Τ,
787 3156 826 3198 11
849 3133 889 3197 111
913 3138 1036 3217 autem,
1059 3134 1115 3217 qui

98 3243 301 3328 pyramidem
320 3242 604 3327 comprehendunt,
627 3241 717 3306 ouius
736 3241 824 3305 basis
845 3242 895 3304 est
914 3239 1114 3325 polygonum

98 3435 164 3506 ζων]
184 3435 214 3488 in
233 3452 287 3492 ras.
306 3435 337 3490 B.
412 3441 453 3490 10.
473 3430 567 3505 μέρος]
587 3449 641 3488 om.
660 3431 695 3486 V.
783 3439 824 3487 17.
844 3428 975 3500 εἰλήφθω
995 3450 1022 3501 q.

100 3511 141 3561 18.
158 3507 228 3575 ΘΣ]
250 3523 304 3561 om.
323 3525 350 3576 q.
423 3511 465 3560 20.
485 3508 581 3575 μεῖζον
601 3522 627 3572 q.
700 3510 742 3558 13.
762 3498 812 3557 ἐπί
824 3535 857 3543 -
872 3508 914 3557 24.
933 3499 1112 3574 πολυγώνου]

98 3571 151 3631 ἀπ’
172 3571 260 3632 adseri
279 3577 501 3646 Τ111011(Β1Ῑ(]).
583 3581 625 3631 21.
641 3580 723 3630 ΛΤΒ
742 3575 772 3629 Ρ.
858 3580 902 3629 28.
921 3571 985 3646 τήν]
1005 3591 1060 3630 om.
1079 3573 1112 3628 V.
