2468 3952
138 209 202 274 132
272 254 274 258 »
512 211 712 263 Σνουιυιαυ
731 206 781 262 ια’.

136 359 204 418 ΒΣ
235 362 274 441 τῇ
304 358 382 419 ΣΗ.
433 353 489 419 καὶ
520 352 589 419 ἐπεὶ
621 349 641 438 ἡ
672 357 731 418 ΓΑ
758 356 797 439 τῇ
822 358 888 418 ΔΒ
917 359 971 437 ἴση
1000 352 1069 418 ἐστὶ
1098 352 1157 419 καλ

136 457 361 544 παράλληλος,
390 455 474 526 ἀλλὰ
498 458 518 545 η
543 464 607 525 ΓΑ
629 458 684 524 καλ
712 461 752 546 τῇ
776 462 850 523 ΕΗ
869 465 922 543 ἴση
946 458 984 525 τέ
1005 459 1074 525 ἐστι
1098 457 1156 525 καὶ

137 563 362 651 παράλληλος,
391 562 489 651 καὶὴ
515 572 581 632 ΔΒ
610 562 676 650 ἄρα
704 566 743 650 τῇ
767 568 840 629 ΕΗ
864 570 918 648 ἴση
946 564 985 631 τέ
1005 564 1075 630 ἐστι
1098 563 1156 631 καλ

136 669 354 757 παράλληλος.
413 671 469 739 καῖ
507 670 780 757 ἐπιζευγνύουσιν
818 667 923 749 αὐτὰς
955 667 1085 738 εὐθεῖαι
1119 673 1159 737 αἴ

102 794 118 843 5
138 783 220 862 ΔΕ,
244 783 325 843 ΒΗ·
348 776 560 865 παράλληλος
583 775 648 866 ἄρα
673 776 764 844 ἐστὶν
788 773 808 862 ἡ
833 784 904 843 ΑΒ
923 785 963 864 τῇ
987 782 1064 842 ΒΗ.
1098 784 1156 862 ἴση

137 880 202 969 ἄρα
229 881 249 969 ἡ
279 882 340 969 μὲν
368 881 434 950 ὑπὸ
460 889 569 950 ΕΔΤ
586 887 692 968 γωνία
715 892 754 969 τῇ
778 879 845 950 ὑπὸ
869 888 984 949 ΒΗΤ·
1013 880 1156 964 ἐναλλὰξ

136 988 213 1076 γάρ·
237 986 257 1075 ἡ
284 987 321 1055 δὲ
344 985 409 1055 ὑπὸ
430 992 595 1077 Amy}
619 985 685 1056 ὑπὸ
705 995 821 1055 ΗΤΣ.
855 987 917 1055 δύο
941 986 1157 1076 ιλητρίγωνολ

137 1098 205 1163 ἐστι
233 1094 273 1162 τὰ
297 1103 414 1181 ΔΤΤ,
445 1101 555 1162 ΗΤΣ
578 1094 637 1174 τὰς
660 1094 723 1162 δύο
747 1100 873 1181 γωνίας
894 1094 1068 1175 ταῖςιδυσῖ
1092 1121 1156 1181 μοι·

136 1207 225 1280 νίαις
248 1209 321 1281 ἴσας
344 1207 463 1290 ἔχοντα
487 1202 542 1270 καλ
566 1208 646 1288 μίαν
670 1200 819 1291 πλευρὰν
842 1203 901 1291 μιᾷ
924 1208 1051 1290 πλευρᾷ
1076 1208 1156 1288 ἴσην

86 1324 118 1373 10
137 1305 198 1392 τὴν
226 1304 472 1375 ὑποτείνουσαν
501 1304 567 1376 ὑπὸ
595 1312 676 1395 μίαν
708 1311 776 1376 τῶν
810 1316 893 1375 ἴσων
925 1309 1060 1392 γωνιῶν
1092 1305 1156 1394 τὴν

139 1420 209 1479 ΔΤ
227 1417 266 1501 τῇ
286 1420 369 1480 ΗΣ·
389 1411 536 1500 ἡμίσειαι
559 1413 623 1502 γάρ
647 1418 711 1482 εἴσι
729 1417 797 1506 τῶν
817 1421 849 1479 Δ
856 1420 899 1498 Ε,
918 1419 999 1479 ΒΗ·
1022 1412 1157 1494 καὶτὰς

137 1517 256 1598 λοιπὰς
279 1518 421 1608 πλευρὰς
443 1533 517 1600 ταῖς
539 1527 669 1600 λοιπαῖς
697 1528 856 1607 πλευραῖς
883 1527 957 1598 ἴσας
979 1519 1051 1600 ἕξει.
1099 1528 1155 1606 ἴση

138 1622 202 1713 ἄρα
226 1622 245 1711 ἡ
269 1626 331 1712 μὲν
355 1630 484 1714 ΔΤτη
512 1633 592 1711 ΤΗ,
616 1624 637 1713 ἡ
662 1625 699 1693 δὲ
726 1629 847 1714 ΤΤτῂ
874 1633 944 1693 ΤΣ.

202 1728 280 1798 Ἐὰν
295 1730 359 1820 ἄρα
373 1731 481 1818 κύβου
497 1735 565 1798 τῶν
574 1729 777 1800 ἀπεναντίον
788 1733 954 1800 ἐπιπέδων
964 1734 1002 1798 αἴ
1013 1733 1156 1820 πλευραὶ

86 1855 118 1904 15
138 1841 214 1924 δίχα
237 1842 427 1925 τμηθῶσιν,
453 1836 513 1905 ’διὰ
543 1837 580 1906 δὲ
602 1843 671 1907 τῶν
694 1841 808 1925 τομῶν
831 1840 970 1906 ἐπίπεδα
993 1840 1156 1928 ἐκβληθῇ,

210 2038 233 2088 1.
253 2035 329 2103 ΣΗ]
350 2034 379 2087 in
397 2050 452 2087 ras.
472 2033 505 2088 V.
580 2029 596 2100 ἡ
634 2049 703 2087 corr.
723 2049 758 2086 ex
776 2030 809 2087 αἱ
824 2032 858 2088 V.
932 2028 1007 2088 ἐστίν
1026 2033 1061 2100 Β;
1085 2033 1157 2089 item

138 2101 186 2157 lin.
206 2109 231 2170 2,
251 2110 275 2157 3.
349 2103 602 2227 Quoelvvtfffi'
635 2145 642 2158 .
716 2110 741 2157 3.
760 2100 829 2174 ἄρα]
852 2120 908 2158 om.
924 2103 955 2158 V.
1029 2106 1160 2176 EHJH

139 2172 295 2237 ecorr.'F;
322 2177 383 2226 ΕΗ
403 2171 460 2241 ἄρα
507 2217 512 2228 .
604 2179 629 2228 5.
648 2175 716 2228 Ροελ
734 2175 783 2229 alt.
803 2179 863 2229 ΒΗ
880 2174 944 2228 add.
962 2174 1073 2231 Theon:
1105 2175 1158 2231 κοιλ

139 2243 269 2310 εἴληπται
288 2239 337 2309 ἐφ’
359 2238 496 2312 ἑκατέρας
515 2241 610 2299 αὐτῶν
629 2265 661 2298 το
681 2241 751 2298 ὄντα
770 2251 872 2314 σημεῖα
887 2243 971 2313 τολΔ,
992 2249 1018 2300 Τ
1030 2249 1079 2316 (Δ,
1100 2250 1160 2301 ΕΤ

138 2311 184 2380 F),
209 2317 248 2380 Η,
273 2317 311 2380 Σ,
335 2314 384 2367 καλ
402 2309 621 2384 ἐπεζεύχθωσαν
641 2265 679 2368 a}
690 2320 763 2385 ΔΗ,
789 2319 849 2370 ΤΣ.
893 2311 926 2371 ἒν
945 2311 989 2371 ἕνλ
1007 2312 1063 2387 ἄρα
1083 2316 1156 2373 εἴσλν

139 2379 264 2455 ἐπιπέδῳ
285 2381 317 2437 αλ
330 2389 355 2437 Δ
362 2389 402 2452 Η,
419 2389 480 2440 ΤΣ.
510 2385 559 2440 καὶ
578 2381 642 2440 ἒπελ
659 2383 834 2456 παράλληλός
854 2382 930 2442 ἐστιν
945 2383 962 2457 ἡ
978 2391 1034 2442 ΔΒ
1049 2389 1081 2461 τῇ
1098 2393 1160 2444 ΒΗ

139 2453 250 2523 (BFV).
283 2454 354 2508 Dein
373 2456 404 2509 in
421 2457 478 2512 FV
497 2473 554 2525 seq.
574 2458 624 2510 καὶ
643 2456 683 2520 εἴς
701 2453 791 2520 αὐτὰς
809 2452 994 2528 ἐμπέπτωκεν
1013 2455 1117 2515 εὐθεῖα
1136 2456 1155 2530 ἡ

140 2529 207 2579 ΔΗ.
290 2533 313 2581 6.
334 2524 398 2598 μέν]
418 2543 472 2582 om.
493 2528 524 2584 B.
606 2525 732 2598 [ἠδέ]
752 2528 828 2584 ἔστιν
848 2525 963 2600 MR.
1046 2532 1154 2602 ΗΤΣ]

141 2598 198 2648 ΤΣ
213 2595 243 2649 in
262 2614 316 2650 rae.
335 2616 373 2652 m.
394 2605 407 2651 1
425 2598 459 2666 P;
480 2602 571 2652 ΗΤΣ
589 2600 633 2667 ἴση
648 2599 678 2654 Β.
742 2605 767 2655 8.
788 2595 862 2655 ἔστιν
881 2601 912 2655 Β.
973 2607 997 2656 9.
1016 2600 1156 2672 πλευράν]

140 2681 193 2719 om.
213 2666 246 2722 V.
312 2672 352 2724 11.
372 2667 443 2722 εἰσιν
462 2668 493 2724 Β.
565 2675 605 2724 13.
626 2671 866 2742 ΔΤ]Δοοοτι·.
886 2672 919 2728 V.
990 2679 1032 2728 14.
1052 2671 1177 2745 κύβου]·

141 2738 255 2806 στερεοῦ
278 2738 559 2808 παραλληλεπιπέδου
573 2740 670 2796 Theon
684 2741 799 2813 (BFV);
818 2743 887 2797 item
905 2761 933 2813 p.
950 2749 1001 2798 134
1015 2743 1063 2798 lin.
1080 2749 1104 2800 1.

141 2812 182 2862 15.
202 2810 331 2878 τμηθῶσι
350 2811 382 2896 Y.
