2468 3952
106 142 109 148 ¹
128 197 195 262 240
500 195 700 249 εοουουιαα
719 191 769 267 ιβ’.

128 338 197 427 ἄρα
223 368 243 426 η
268 342 493 424 ΑΨμείζῶν
522 335 590 405 ἐστὶ
617 339 676 423 τῆς
704 343 783 403 ΑΗ.
828 340 887 403 καί
914 337 1006 402 ἐστιν
1034 333 1056 420 ἡ
1085 335 1150 422 μέν

93 526 106 547 .
134 453 214 519 ΑΨ
240 445 293 512 ἐπὶ
320 451 400 530 μίαν
428 447 490 512 τοῦ
517 442 707 528 πολυέδρου
734 440 851 527 βάσιν,
884 439 904 528 ἡ
933 440 971 508 δὲ
994 448 1071 508 ΑΗ
1096 443 1151 510 ἐπὶ

128 549 192 637 τὴν
219 561 277 637 τῆς
300 549 483 629 ἐλάσσονος
510 554 654 636 σφαίρας
677 547 891 635 ἐπιφάνειαν·
920 544 1003 614 ῶστε
1026 544 1065 614 τὸ
1089 572 1151 616 πο-

129 657 275 745 λύεδρον
304 656 345 726 ού
372 655 494 738 ψαύσει
521 659 579 742 τῆς
606 654 954 741 έλοίσσονοςσφαίρας
977 651 1061 720 κατὰ
1084 653 1151 740 τὴν

96 783 112 833 ῖ
131 765 340 851 ἐπιφάνειαν.
636 777 641 787 ’

198 871 273 939 Δύο
301 869 367 957 ἄρα
395 872 549 956 σφαιρῶν
576 869 652 954 περὶ
679 866 716 935 τὸ
751 864 833 934 αύτὸ
863 866 1004 952 κέντρον
1032 863 1152 936 οὐσῶν

130 982 177 1057 εἰς
213 975 274 1063 τὴν
314 983 448 1062 μείζονα
480 988 629 1063 σφαῖραν
661 972 797 1061 στερεὸν
828 971 1019 1059 πολύεδρον
1057 974 1150 1058 ἐγγέ-

129 1107 273 1172 γραπται
300 1081 345 1171 μὴ
373 1086 486 1164 ψαῦον
513 1086 571 1168 τῆς
599 1080 780 1159 ἐλάσσονος
810 1086 955 1166 σφαίρας
977 1076 1061 1145 κατὰ
1085 1077 1151 1167 τὴν

131 1192 342 1277 ἐπιφάνειαν·
367 1187 448 1275 ὅπερ
471 1192 539 1255 ἔδει
562 1192 708 1273 ποιῆσαι.

79 1402 112 1452 10
541 1382 737 1469 Πόρισμα.
793 1432 796 1437 -

196 1506 276 1576 Ἐὰν
299 1508 338 1576 δέ
360 1508 414 1575 καὶ
438 1512 486 1586 είς
508 1508 624 1592 ἑτέραν
648 1518 796 1594 σφαῖραν
819 1509 866 1598 τῷ
891 1509 927 1574 έν
951 1508 990 1593 τῇ
1013 1510 1154 1572 ΒΓΔΕ

132 1608 260 1704 σφαίρᾳ
291 1617 412 1706 στερεῷ
444 1615 618 1704 πολυέδρῳ
648 1610 767 1699 ὅμοιον
794 1611 931 1699 στερεὸν
953 1609 1152 1695 »πολύεδρον

132 1723 297 1808 ἐγγραφῇ,
321 1716 359 1786 τὸ
378 1721 415 1786 έν
437 1728 477 1807 τῇ
496 1724 630 1785 ΒΓΔΕ
650 1723 778 1807 σφαίρᾳ
801 1716 937 1805 στερεὸν
959 1716 1153 1804 πολύεδρον

131 1825 214 1912 πρὸς
240 1825 278 1894 τὸ
308 1828 344 1894 ἐν
371 1835 421 1914 τῇ
441 1825 536 1914 ἑτέρᾳ
559 1830 686 1914 σφαίρᾳ
709 1824 845 1910 στερεὸν
868 1821 1058 1908 πολύεδρον
1082 1847 1154 1909 τρι-

80 1943 113 1992 15
132 1937 297 2000 πλασίονα
330 1929 435 2016 λόγον
467 1935 550 2016 ἔχει,
582 1927 666 2016 ἥπερ
698 1925 719 2015 ἡ
752 1932 811 2015 τῆς
840 1934 972 1996 ΒΓΔΕ
1003 1934 1153 2016 σφαίρας

131 2037 309 2126 διάμετρος
339 2034 424 2124 πρὸς
454 2035 518 2123 τὴν
549 2039 608 2122 τῆς
639 2037 752 2123 ἑτέρας
785 2041 928 2122 σφαίρας
957 2033 1151 2122 διάμετρον.

132 2145 375 2230 διαιρεθέντων
402 2141 468 2228 γὰρ
495 2145 565 2209 τῶν
588 2152 732 2227 στερεῶν
755 2146 803 2221 είς
824 2138 884 2221 τοὶς
907 2139 1153 2228 ὁμοιοπληθεῖς

131 2251 187 2317 καὶ
231 2246 439 2335 ὁμοιοταγεῖς
479 2252 669 2334 πυραμίδας
719 2252 851 2316 ἔσονται
893 2249 931 2314 αί
964 2251 1152 2334 πυραμίδες

118 2354 255 2442 ,ὅμοιαι
293 2357 330 2421 αί
352 2353 389 2421 δδ
412 2353 527 2440 ὅμοιαι
550 2359 735 2442 πυραμίδες
756 2353 840 2440 πρὸς
863 2353 1009 2440 ἀλλήλας
1027 2356 1064 2422 ἐν
1084 2379 1153 2441 τρι·

79 2471 114 2521 20
132 2465 289 2528 πλασίονι
322 2459 411 2550 λύγφ
443 2460 507 2527 εἰσὶ
534 2464 602 2529 τῶν
631 2458 806 2547 ὁμολόγων
834 2464 1001 2544 πλευρῶν·
1034 2457 1055 2545 ἡ
1085 2458 1153 2548 ῶρα

113 2572 287 2652 πυραμίς,
310 2557 350 2652 ἧς
372 2565 471 2652 βάσις
493 2567 554 2653 μέν
578 2569 646 2635 ἐστι
669 2566 707 2634 τὸ
732 2572 872 2633 ΚΒΟΣ
891 2566 1153 2654 τετράπλευρον,

132 2671 264 2761 κορυφὴ
285 2672 323 2740 δέ
340 2672 377 2741 τὸ
393 2681 426 2741 Δ
444 2686 594 2759 σημεῖον,
612 2672 697 2759 πρὸς
714 2671 776 2759 τὴν
795 2675 833 2741 ἐν
851 2675 890 2762 τῇ
906 2673 1001 2762 ἑτέρᾳ
1020 2678 1151 2764 σφαίρᾳ

133 2776 315 2867 ὁμοιοταγῆ
342 2784 515 2867 πυραμίδα
541 2784 761 2868 τριπλασίονα
784 2778 888 2865 λόγον
911 2784 992 2867 ἔχει,
1020 2776 1152 2866 ἥπερὴ

59 2919 61 2923 ·
133 2884 297 2973 ὁμόλογος
319 2885 445 2976 πλευρὰ
474 2886 559 2975 πρὸς
584 2883 646 2972 τὴν
670 2883 840 2972 ὁμόλογον
862 2883 1027 2972 πλευρῶν,
1054 2911 1152 2953 τουτ-

80 3002 113 3051 25
132 2995 223 3060 ἐστιν
256 2991 339 3079 ἥπερ
367 2989 387 3078 ἡ
417 2999 482 3059 ΑΒ
510 2994 546 3059 ἐκ
572 3001 634 3059 τοῦ
661 2991 802 3078 κέντρου
833 2995 890 3077 τῆς
920 2995 1064 3078 σφαίρας
1091 2995 1152 3079 τῆς

132 3100 207 3187 περὶ
230 3099 369 3185 κέντρον
392 3096 429 3166 τὸ
449 3104 482 3164 Α
503 3095 587 3184 πρὸς
609 3096 672 3184 τὴν
695 3100 731 3165 ἐκ
752 3100 815 3165 τοῦ
837 3099 979 3183 κέντρου
1001 3101 1060 3182 τῆς
1083 3097 1153 3166 ἑτέ-

206 3318 230 3365 1.
249 3313 323 3383 ΑΨ]
353 3314 414 3367 ΟΨ
432 3329 457 3380 q.
566 3317 593 3366 4.
611 3307 702 3378 ψαύει
719 3311 750 3365 Ρ.
859 3315 883 3364 5.
903 3309 966 3378 Seq.
996 3310 1151 3366 demonstr.

133 3383 232 3449 altera,
250 3401 276 3436 u.
296 3400 360 3453 app.
434 3389 460 3438 9.
478 3383 595 3451 ποιῆται
627 3383 720 3448 δεῖξαι
738 3381 836 3436 Theon
850 3381 962 3450 (BVq).
1037 3387 1078 3435 10.
1099 3377 1152 3436 πό-

134 3453 230 3524 ρισμα]
250 3471 306 3523 mg.
326 3473 363 3511 m.
384 3460 398 3508 1
418 3454 453 3520 P;
472 3454 568 3508 om.B
610 3470 635 3521 q.
724 3457 766 3506 14.
784 3449 855 3522 πρὸς
874 3447 906 3507 τὸ
927 3482 960 3492 -
979 3449 1152 3524 πολύεδρον]

133 3542 189 3594 mg.
208 3542 245 3579 m.
265 3531 280 3578 2
300 3525 331 3577 Β.
416 3529 457 3578 16.
476 3525 591 3594 στερεᾶς
609 3523 641 3593 Β,
661 3520 811 3586 ἐλάσσονος
829 3541 855 3592 q.
939 3523 1074 3594 σφαίρας]
1096 3540 1151 3581 om.
