2468 3952
162 188 225 250 112
533 188 734 240 ΣΤΟΙΧΕΙΩΝ
753 185 804 241 ια’,

159 335 239 413 ΓΤ,
263 329 369 409 οὕτως
392 327 414 415 η’
436 356 471 397 τε
494 337 578 397 ΜΠ
598 331 695 414 βάσις
717 330 802 416 πρὸς
824 327 886 416 την
904 336 977 395 ΠΤ
996 328 1097 413 βάσιν
1122 330 1178 396 καὶ

159 434 196 503 τὸ
227 443 293 503 ΓΔ
321 435 456 525 στερεὸν
488 435 570 525 πρὸς
597 437 635 505 τὸ
664 444 731 504 ΓΦ
758 435 904 521 στερεόν.
954 437 1009 502 καὶ
1038 434 1083 514 ῶς
1111 438 1178 523 άρα

159 541 196 609 τὸ
222 550 286 609 ΑΒ
311 541 446 627 στερεὸν
469 541 553 631 πρὸς
581 542 619 611 τά
643 550 709 610 ΓΦ
734 542 885 627 στερεόν,
914 543 1020 622 οὕτως
1048 540 1085 610 τὸ
1111 547 1179 609 ΓΔ

161 647 297 736 στερεὸν
319 649 403 733 πρὸς
425 647 462 716 τὸ
482 655 549 716 ΓΦ
571 648 720 733 στερεόν·
746 647 903 735 ἑκάτερον
922 647 988 735 άρα
1005 651 1074 715 τῶν
1094 657 1160 716 ΑΒ
1168 700 1177 734 ,

121 759 223 831 mr
254 757 338 842 πρὸς
366 755 403 823 τὸ
432 761 501 822 ΓΦ
531 753 592 823 τὸν
621 752 724 822 αὐτὸν
754 760 820 841 ἔχει
847 754 958 840 λόγον.
1005 763 1083 821 ἴσον
1111 754 1180 842 ἄρα

162 861 231 928 ἐστὶ
249 859 287 928 τὸ
308 869 372 928 ΑΒ
393 860 530 948 στερεὸν
548 864 594 951 τῶ
615 867 681 927 ΓΛ
700 864 824 951 στερεῷ
844 858 938 945 [ὅπερ
958 864 1025 927 ἔδει
1046 862 1178 944 δεῖξαι]

227 965 287 1053 Μὴ
312 971 461 1034 ἔστωσαν
485 964 527 1053 ὃν]
551 970 588 1033 αἱ
609 969 822 1053 ἐφεστηκυῖαι
841 970 878 1032 αλ
896 974 973 1052 ΖΕ,
997 973 1073 1051 BA,
1093 974 1177 1053 HA,

162 1079 241 1158 ΘΚ,
278 1075 360 1158 ΞΝ,
385 1079 469 1157 AO,
493 1078 581 1158 ΜΓ,
606 1080 674 1140 ΡΠ
699 1071 783 1157 πρὸς
811 1071 919 1158 ὀρθάς
941 1086 1013 1152 ταῖς
1036 1072 1178 1158 βάσεσιν

162 1177 285 1265 αὐτῶν,
315 1180 371 1246 καὶ
398 1176 561 1266 ἤχθωσαν
584 1176 649 1247 άπὸ
673 1183 741 1247 τῶν
764 1186 806 1264 Ζ,
834 1185 883 1264 Η,
912 1186 956 1264 Β,
985 1185 1032 1263 K,
1056 1183 1098 1263 Ξ,
1123 1188 1177 1266 Μ,

108 1313 143 1361 10
163 1294 210 1371 A,
226 1293 255 1352 Ρ
266 1292 412 1371 σημείων
427 1285 480 1353 ἐπὶ
498 1283 538 1353 τὰ
553 1282 609 1352 διά
625 1289 694 1353 τῶν
705 1293 782 1370 ΕΘ,
797 1291 875 1352 ΝΠ
886 1286 1023 1352 ἐπίπεδα
1035 1285 1176 1354 κάθετοι

161 1392 216 1457 καὶ
240 1394 520 1477 συμβαλλέτωσαν
542 1404 612 1471 τοῖς
636 1392 803 1471 ἐπιπέδοις
825 1391 908 1459 κατὰ
931 1393 972 1459 τά
996 1399 1044 1476 Σ,
1072 1399 1112 1477 Τ,
1140 1401 1177 1478 Y,

165 1504 210 1581 Φ,
235 1505 278 1582 Χ,
306 1505 355 1583 Ψ,
384 1503 431 1583 Ω,
460 1517 494 1583 ς,
522 1498 578 1564 καὶ
609 1497 909 1586 συμπεπληρώσθω
937 1498 976 1565 τὰ
1001 1505 1082 1582 ΖΦ,
1112 1501 1179 1573 ΞΩ

162 1603 291 1689 στερεά·
315 1605 410 1689 λέγω,
435 1601 486 1670 ὕτι
504 1604 560 1670 καὶ
580 1601 685 1682 οὕτως
704 1611 788 1670 ἴσων
809 1602 919 1671 ὄντων
936 1606 1004 1671 τῶν
1019 1610 1100 1690 ΑΒ,
1115 1611 1179 1672 ΓΔ

163 1714 306 1797 στερεῶν
335 1708 624 1778 ἀντιπεπόνθασιν
653 1712 690 1776 αἱ
716 1708 831 1796 βάσεις
858 1723 927 1788 τοῖς
953 1709 1092 1795 ὕψεσιν,
1121 1717 1181 1778 καί

108 1843 143 1892 15
163 1820 253 1884 ἐστιν
277 1815 322 1897 ῶς
344 1815 365 1903 ἡ
384 1823 451 1884 ΕΘ
471 1815 567 1902 βάσις
590 1814 674 1902 πρὸς
696 1814 758 1903 τὴν
777 1822 816 1883 Ν
817 1824 854 1882 Π
874 1815 985 1901 βάσιν,
1010 1813 1117 1896 οὕτως
1140 1816 1178 1885 τὸ

162 1933 223 1990 τοῦ
237 1929 303 1990 ΓΛ
327 1926 463 2011 στερεοῦ
485 1920 572 2003 ὕψος
593 1921 677 2010 πρὸς
699 1922 737 1990 τὸ
760 1927 821 1990 τοῦ
837 1929 901 1988 ΑΒ
925 1927 1063 2009 στερεοῦ
1082 1921 1178 2003 ὕψος.

226 2027 315 2097 Ἐπεὶ
344 2039 420 2097 ἴσον
452 2030 520 2097 ἐστὶ
553 2026 590 2097 τὸ
619 2036 683 2096 ΑΒ
712 2030 847 2112 στερεὸν
874 2032 920 2120 τῷ
948 2035 1015 2095 ΓΔ
1043 2041 1178 2123 στερεῷ,

163 2133 245 2201 ἀλλά
274 2133 311 2203 τὸ
336 2134 397 2221 μὲν
420 2143 487 2202 AB
510 2139 555 2228 τῷ
579 2142 647 2202 ΒΤ
667 2137 758 2203 ἐστιν
781 2142 869 2201 ἴσον·
899 2135 955 2200 ἐπί
973 2161 1008 2201 τε
1031 2134 1096 2222 γάρ
1120 2141 1180 2222 της

164 2240 266 2326 αὐτῆς
298 2239 427 2326 βάσεώς
458 2245 523 2308 εἰσι
555 2245 612 2326 της
640 2247 707 2307 ΖΚ
734 2241 789 2306 καὶ
818 2237 883 2307 ὕπὸ
911 2239 948 2308 τὸ
982 2240 1063 2309 αὐτὸ
1092 2240 1180 2322 ὕψος

106 2374 144 2423 20
165 2337 227 2428 [ῶν
251 2351 289 2412 αἱ
309 2349 495 2432 ἐφεστῶσαι
519 2344 580 2414 οὐκ
604 2348 688 2414 εἰσὶν
714 2348 766 2414 ἐπὶ
785 2351 853 2414 τῶν
872 2345 984 2415 αὐτῶν
1003 2345 1179 2433 εὐθειῶν]

161 2453 200 2520 τὸ
230 2451 266 2519 δὲ
294 2459 361 2519 ΓΔ
388 2452 524 2538 στερεὸν
551 2458 596 2545 τῷ
625 2461 707 2520 ΛΨ
730 2456 821 2521 ἐστιν
848 2461 936 2521 ἴσον·
970 2457 1025 2522 ἐπί
1052 2481 1087 2521 τε
1114 2458 1179 2541 γὰρ

163 2558 266 2626 πάλιν
289 2563 347 2644 τῆς
370 2556 473 2646 αὐτῆς
495 2558 622 2644 βάσεως
645 2563 709 2626 εἰσι
728 2563 787 2645 τῆς
801 2563 861 2636 ΡΞ
878 2562 933 2627 καὶ
952 2558 1016 2628 ὑπὸ
1037 2559 1075 2628 τό
1095 2559 1178 2628 αὐτὸ

163 2662 250 2744 ὕψος
273 2655 337 2746 [ῶν
361 2667 398 2730 αἱ
420 2666 605 2750 ἐφεστῶσαι
629 2663 692 2732 οὐκ
715 2665 802 2732 εἰσὶν
826 2667 877 2732 ἐπὶ
901 2671 967 2734 τῶν
992 2664 1105 2734 αὐτῶν
1125 2666 1177 2734 εὐ·

162 2775 297 2854 θειῶν]
320 2772 375 2838 καὶ
399 2769 437 2838 τὸ
457 2777 524 2837 ΒΤ
543 2769 608 2856 άρα
632 2770 768 2857 στερεὸν
792 2776 838 2864 τῷ
854 2780 934 2839 ΔΨ
955 2777 1076 2865 στερεῷ
1101 2781 1178 2841 ἴσον

109 2903 145 2953 25
165 2879 255 2944 ἐστίν
286 2880 366 2960 [τῶν
396 2876 434 2944 δὲ
462 2885 545 2944 ἴσων
574 2881 716 2966 στερεῶν
745 2880 1100 2964 παραλληλεπιπέδων,
1130 2871 1179 2946 ῶν

163 2983 203 3049 τὰ
231 2981 300 3068 ὕψη
328 2980 411 3067 πρὸς
441 2979 548 3071 ὀρθάς
576 2985 643 3050 ἐστι
673 2998 746 3062 ταῖς
768 2984 908 3068 βάσεσιν
933 2982 1061 3070 αὐτῶν,
1091 2983 1179 3053 άντι-

253 3183 277 3233 2.
298 3175 424 3266 στερεόν]
449 3179 520 3248 (alt.)
546 3196 599 3234 om.
619 3177 649 3230 B.
769 3184 792 3232 6.
814 3173 884 3246 ὅπερ
908 3177 967 3233 ἔδει
987 3181 1093 3250 δεῖξαι]
1124 3180 1179 3237 del.

165 3251 281 3316 August.
338 3255 362 3303 7.
382 3250 432 3320 μη]
453 3264 468 3302 θ
488 3266 555 3305 corr.
576 3269 611 3304 m.
632 3249 689 3304 2V.
740 3246 787 3319 αἱ]
808 3249 907 3319 (prius)
928 3268 982 3305 om.
1001 3250 1062 3306 FV.
1114 3253 1180 3322 BA]

165 3336 249 3388 supra
269 3326 365 3374 ser.A
384 3340 420 3376 m.
442 3327 454 3373 1
475 3320 502 3375 b.
593 3326 617 3376 8.
639 3321 707 3390 ΘΚ]
727 3338 812 3390 supra
832 3338 883 3374 scr.
902 3328 942 3375 A?
961 3341 997 3377 m.
1020 3328 1033 3374 1
1053 3321 1079 3376 b.

164 3397 189 3444 9.
210 3390 251 3460 K]
272 3407 340 3446 corr.
360 3408 394 3446 ex
414 3391 489 3446 ΓΤ.
546 3398 587 3446 10.
608 3387 723 3459 ἐπείΡ,
743 3395 773 3446 et
791 3392 828 3459 V,
849 3392 897 3446 sed
917 3409 985 3446 corr.
1041 3389 1102 3463 διά]
1124 3411 1180 3449 om.

165 3461 195 3512 Β.
251 3463 317 3515 ΝΠ
335 3459 444 3544 βάσεων
460 3463 488 3516 Β,
545 3469 586 3516 11.
607 3460 898 3533 σνμβαλέτωοανΡΤ,
953 3464 992 3535 Σ]
1013 3465 1181 3533 ponteainS.

165 3533 200 3598 B3
220 3549 271 3588 ras.
289 3540 302 3586 1
323 3535 377 3588 htt.
397 3534 423 3588 b.
491 3539 531 3590 12.
551 3534 579 3604 ς]
600 3551 693 3588 renou.
714 3553 749 3588 m.
771 3533 832 3588 213.
888 3535 956 3588 Post
973 3550 990 3592 ς
1009 3536 1038 3588 in
1057 3536 1111 3589 fine
1131 3536 1181 3591 lin.
