2468 3952
167 218 232 282 322
536 217 738 270 ΣΤΟΙΧΒΙΩΝ
757 213 806 286 ιγ’.

166 366 274 446 γωνία
302 358 367 447 άρα
395 357 415 445 ἡ
442 356 509 427 ἀπὸ
537 366 639 426 m
669 364 777 448 γωνίᾳ
807 369 847 447 τῇ
875 355 941 426 ὑπὸ
969 363 1076 425 ΒΧΓ
1100 360 1184 426 ἐστιν

168 473 232 550 ἴση.
271 461 394 551 ὁμοίως
417 462 459 550 δή
485 465 649 550 δείξομεν,
673 461 724 530 ὅτι
746 462 802 529 καὶ
824 460 846 548 ή
869 459 935 531 ὑπὸ
958 469 1064 531 ΥΦΓ
1083 471 1184 551 γωνία

169 580 224 658 ίση
245 572 313 638 ἐστὶ
331 575 371 659 τή
390 568 456 638 ὑπὸ
473 576 582 638 ΒΧΓ·
602 573 639 636 αί
656 568 722 658 ἀρα
741 565 808 637 ὑπὸ
823 574 931 654 ΒΧΓ,
949 574 978 635 Β
987 579 1070 658 ΥΦ,
1094 577 1187 640 ΥΦΓ

167 693 256 767 τρεῖς
278 683 399 764 γωνίαι
423 685 493 743 ῖσαι
516 675 675 762 ἀλλήλαις
697 680 793 743 είσίν.
830 677 889 744 ἐὰν
912 676 951 745 δὲ
968 679 1184 764 πενταγώνου

131 784 371 870 σίσοπλεύρου
394 786 432 850 αί
459 796 547 870 τρεῖς
568 788 689 868 γωνίαι
713 791 784 850 ίσαι
806 778 965 870 ἀλλήλαις
988 775 1092 870 ὦσιν,
1122 789 1184 881 ίσο

168 892 295 979 γύνιον
319 887 470 957 ἔσταιτί)
495 888 724 975 πεντάγωνον·
753 888 936 975 ίσογύνιον
962 888 1029 978 ἀρα
1060 892 1130 959 ἐστὶ
1151 889 1183 959 τὸ

167 1002 346 1066 ΒΥΦΓΧ
373 995 599 1081 πεντάγωνον.
650 997 785 1083 ἐδείχθη
819 995 856 1064 δὲ
884 996 940 1063 καὶ
971 996 1183 1086 ἰσόπλευρον·

168 1103 205 1171 τὸ
226 1102 291 1186 άρα
309 1109 485 1171 ΒΥΦΓΧ
499 1100 716 1188 πεντάγωνον
736 1101 937 1191 ἰσόπλευρόν
957 1105 1026 1171 ἐστι
1046 1105 1105 1202 καὶ
1124 1109 1184 1173 ίσο·

168 1211 311 1295 γύνιον,
344 1215 403 1276 καί
428 1212 518 1277 ἐστιν
546 1209 599 1276 ἐπὶ
626 1215 705 1296 μιᾶς
731 1213 792 1278 τού
820 1208 928 1294 κύβον
954 1214 1105 1298 πλευράς
1133 1215 1185 1296 τής

116 1337 149 1384 10
169 1321 241 1383 ΒΓ.
291 1315 351 1383 ἐὰν
384 1314 450 1400 άρα
483 1313 536 1402 ἐφ’
573 1314 712 1401 ἑκάστης
738 1320 807 1383 τῶν
833 1319 894 1383 τοῦ
920 1314 1029 1401 κύβου
1059 1317 1186 1386 δοίδεκα

168 1425 324 1507 πλευραῖν
352 1420 392 1489 τά
421 1419 505 1489 αύτά
532 1421 846 1509 κατασκευάσωμεν,
879 1424 1133 1510 συσταθήσεταί
1159 1450 1185 1490 τι

169 1530 279 1613 σχήμα
309 1525 444 1613 στερεὸν
472 1525 538 1595 ὑπὸ
568 1527 698 1595 δώδεκα
725 1529 949 1614 πενταγώνων
978 1529 1186 1617 ἰσοπλεύρων

168 1633 274 1701 τεκαὶ
290 1638 479 1720 ἰσογωνίων
489 1633 739 1721 περιεχόμενον,
755 1629 930 1701 ὃκαλεῖται
945 1635 1187 1724 δωδεκάεδρον.

237 1750 303 1808 Δεῖ
329 1740 371 1827 δή
402 1737 485 1808 αὐτὸ
513 1741 570 1807 καὶ
598 1746 726 1830 σφαίρᾳ
758 1746 949 1826 περιλαβεῖν
977 1745 1017 1829 τή
1047 1745 1186 1830 δοθείση

117 1871 149 1919 15
167 1847 223 1914 καὶ
258 1848 379 1931 δεῖξαι,
412 1846 465 1913 ὅτι
495 1843 516 1932 ή
548 1851 609 1914 τοῦ
643 1848 877 1933 δωδεκαέδρου
908 1845 1034 1934 πλευρά
1068 1846 1207 1935 άλογός·

169 1954 259 2021 ἐστιν
283 1950 303 2040 ή
326 1954 516 2040 καλουμένη
540 1952 701 2040 ἀποτομή.

209 2057 445 2145 Ἐκβεβλήσθω
473 2057 537 2145 γάρ
567 2055 587 2145 ή
622 2065 708 2146 ΨΟ,
740 2060 796 2128 καὶ
825 2064 907 2128 ἔστω
936 2058 957 2146 ή
992 2066 1077 2127 ΨΩ·
1113 2083 1188 2149 σομ-

168 2164 283 2251 βάλλει
311 2163 376 2250 ἀρα
399 2161 420 2250 ή
447 2169 513 2231 ΟΩ
534 2174 574 2253 τῇ
598 2169 659 2232 τού
682 2165 790 2251 κύβου
818 2168 999 2258 διαμέτρῳ,
1027 2168 1087 2234 καὶ
1116 2172 1188 2255 δίχα

168 2273 349 2357 τέμνουσιν
373 2267 531 2356 ἀλλήλας·
555 2274 655 2338 τοῦτο
679 2268 743 2359 γὰρ
767 2273 932 2340 δέδεικται
955 2273 992 2340 ἐν
1014 2277 1061 2365 τῷ
1087 2300 1188 2360 παρα-

116 2404 150 2453 20
168 2375 311 2466 τελείτω
331 2375 524 2463 θεωρήματι
541 2381 603 2445 τοῦ
618 2376 800 2447 ἑνδεκάτου
813 2383 956 2464 βιβλίου.
978 2381 1188 2466 τεμνέτωσαν

168 2479 251 2549 κατά
276 2479 314 2549 τὸ
337 2487 382 2548 Ω·
410 2478 448 2549 τὸ
472 2489 505 2550 Ω
532 2481 597 2569 ἀρα
623 2485 764 2572 κε’ντρον
792 2485 861 2551 ἐστὶ
883 2488 941 2571 τής
964 2491 1114 2572 σφαίρας
1135 2491 1189 2574 τής

169 2587 484 2675 περιλαμβανούσης
511 2589 571 2658 τὸν
599 2589 722 2677 κύβον,
750 2591 805 2657 καὶ
833 2588 946 2677 qao
973 2588 1111 2678 ήμίσεια
1133 2605 1189 2680 τῆς

170 2699 316 2781 πλευράς
338 2705 399 2762 τοῦ
422 2695 539 2781 κύβου.
586 2695 771 2783 ἐπεζεύχθω
801 2695 843 2783 δή
872 2694 893 2783 ή
921 2702 994 2766 ΥΩ.
1031 2699 1098 2766 καὶ
1122 2699 1188 2768 ἐπεὶ

246 2896 270 2946 2
291 2892 491 2961 δειχθηξομεν,
511 2891 561 2946 sed
579 2894 661 3017 ηθηῦ
656 2891 720 2958 del„
739 2891 766 2946 b.
831 2897 856 2946 3.
876 2887 951 2946 ἐστίν
970 2891 1029 2948 ΡΒ.
1091 2893 1189 2962 ΒΧΓ]

172 2961 273 3032 (prius)
293 2963 345 3016 X
336 2981 366 3017 1n
384 2979 438 3016 ras
458 2980 494 3016 m.
516 2960 580 3016 lP.
645 2959 901 3031 σίσόπλεορουο.
966 2954 1047 3035 ὦσιν]
1068 2980 1141 3021 corr.
1160 2981 1190 3020 ex

175 3033 297 3089 είσίνιο
319 3033 378 3087 1Ρ.
439 3040 463 3087 6
484 3031 575 3104 ἔσται]
595 3003 730 3088 ἒιστιΒΡ.
786 3036 1012 3120 zmxsq.
1069 3037 1089 3090 δ
1139 3054 1190 3092 om

174 3122 200 3172 q.
299 3109 324 3158 8.
343 3122 373 3157 τε
368 3100 515 3159 ἐστινΡ.
603 3111 627 3158 9.
647 3101 750 3176 κύβου]
769 3100 920 3159 κύκλουὶ).
1010 3111 1065 3162 18.
1059 3126 1104 3162 τε
1139 3124 1190 3163 om.

173 3176 202 3229 P.
262 3168 425 3230 οκαλεῖται
444 3174 655 3246 δωδεκάεδρον]
676 3194 729 3231 om.
750 3175 848 3230 Theon
867 3175 1000 3245 (BVbq).
1059 3182 1103 3234 17.
1124 3178 1191 3250 ΨΩ]

174 3250 276 3316 ΨΟη.
332 3246 515 3317 συμβαλεὶΡ.
579 3251 621 3301 18.
642 3247 714 3318 ΟΩ]
737 3245 847 3315 (WB,
868 3250 928 3301 ΨΩ
947 3246 1010 3317 Vb,
1034 3250 1140 3320 ΨΟη

170 3332 273 3407 κύβου]
293 3332 397 3389 κύκλου
418 3352 508 3405 comp.
528 3337 559 3403 b,
580 3353 649 3392 corr.
668 3319 752 3390 iniq
840 3342 881 3390 19.
901 3355 1044 3423 τεμονοιν,
1064 3353 1139 3395 corr.
1158 3356 1192 3393 m

173 3413 197 3472 1,
215 3405 245 3459 P.
354 3379 583 3479 παρατελευταίῳ
604 3425 629 3476 q.
728 3412 771 3463 21.
790 3403 834 3478 τό]
855 3407 926 3477 (alt.)
945 3408 994 3461 nal
1011 3405 1044 3461 τό
1065 3427 1093 3478 q

172 3449 214 3600 ἐξ.
236 3478 345 3615 333⁷,
374 3476 482 3532 ΩΘΒ.
601 3481 675 3533 Ante
704 3479 753 3547 τής
781 3477 835 3531 del.
865 3474 923 3533 ἔστι
950 3479 1083 3535 m.1P.

81 3606 130 3704 Κ
