2468 3952
135 209 199 274 154
503 210 705 263 Σνοιαωωια
724 205 774 279 ιβ’.

133 355 312 440 πυραμίδι,
339 341 379 437 ἧς
401 349 499 436 βάσις
521 351 582 436 μέν
606 351 674 417 ἐστι
697 348 735 417 τὸ
760 358 792 417 A
799 356 872 417 ΕΗ
889 354 1075 438 τρίγωνον,
1097 375 1154 416 ιω-

134 457 224 545 ρυφὴ
255 457 293 524 δδ
315 454 353 525 τὸ
378 464 407 524 Θ
429 469 569 543 σημείου
599 453 698 539 [ὥστε
724 456 780 523 καὶ
802 462 963 546 πυραμίς,
990 447 1031 541 ἧς
1054 455 1156 541 βάσις

134 564 196 651 μὲν
226 563 264 633 τὸ
293 569 396 633 ΑΒΓ
421 569 603 649 τρίγωνον,
635 563 769 652 κορυφὴ
803 562 840 631 δὲ
871 561 910 632 τὸ
940 571 972 629 Λ
1000 575 1155 649 σημεῖον,

134 668 234 757 ὁμοία
263 670 331 738 ἐστὶ
359 674 537 756 πυραμίδι,
565 660 605 756 ἧς
631 669 730 756 βάσις
757 669 819 756 μὲν
841 666 880 737 τδ
903 675 1015 736 ΑΕΗ
1033 674 1154 758 τρίγω-

99 794 213 863 5νον,
245 775 377 864 κορυφὴ
412 775 449 844 δὲ
480 774 518 844 τὸ
546 783 575 843 Θ
607 781 770 862 σημεῖον].
820 775 958 863 ἑκατέρα
989 772 1056 858 άρα
1084 779 1154 843 τῶν

133 891 287 968 ΑΕΗΘ,
320 888 464 950 ΘΚΛΔ
496 888 696 970 πυραμίδων
724 880 823 969 ὁμοία
852 883 920 950 ἐστὶ
952 885 991 970 τῇ
1022 879 1084 970 ὅλῃ
1112 892 1154 971 τῇ

133 995 267 1058 ΑΒΓΔ
294 993 466 1075 πυραμίδι.
494 1028 536 1038 -
566 991 635 1058 Καὶ
667 991 736 1058 ἐπεὶ
767 997 823 1075 ίση
853 988 943 1056 ἐστὶν
970 984 991 1074 ἡ
1020 995 1085 1055 ΒΖ
1111 986 1172 1076 τῇ

134 1101 208 1181 ΖΓ,
246 1094 426 1163 διπλάσιόν
463 1096 532 1163 ἐστι
563 1095 601 1164 τὸ
635 1101 776 1163 ΕΒΖΗ
802 1094 1154 1182 παραλληλόγραμμον

132 1206 193 1270 τοῦ
217 1208 321 1269 ΗΖΓ
340 1200 516 1289 τριγώνου.
565 1201 621 1269 καλ
645 1204 730 1287 ἐπεί,
759 1199 819 1268 ἐὰν
844 1193 867 1289 ἦ
896 1201 959 1269 δύο
983 1206 1153 1287 πρίσματα

82 1324 114 1374 10
134 1312 276 1393 ίσοῦψῆ,
299 1306 416 1376 καὶτὸ
439 1309 501 1395 μὲν
524 1314 581 1397 ἔχῃ
604 1307 706 1394 βάσιν
728 1306 1090 1394 παραλληλόγραμμον,
1113 1305 1152 1375 τὸ

136 1411 174 1480 δὲ
200 1418 383 1500 τρίγωνον,
416 1414 596 1482 διπλάσιον
624 1413 662 1481 δὲ
687 1405 710 1502 ᾗ
737 1411 775 1481 τὸ
802 1411 1153 1502 παραλληλόγραμμον

133 1528 194 1586 τοῦ
223 1517 405 1606 τριγώνου,
435 1527 491 1588 ίσα
519 1520 588 1587 ἐστὶ
614 1517 655 1586 τά
679 1523 862 1606 πρίσματα,
889 1526 965 1586 ίσον
992 1516 1059 1606 άρα
1083 1518 1153 1586 ἐστὶ

132 1621 170 1692 τὸ
198 1628 325 1714 πρίσμα
354 1623 391 1692 τὸ
425 1623 662 1711 περιεχόμενον
694 1619 760 1690 ὑπὸ
795 1621 858 1690 δύο
886 1620 948 1708 μὲν
976 1621 1152 1711 τριγώνων

134 1741 204 1798 τῶν
227 1736 343 1816 ΒΚΖ,
371 1736 488 1814 ΕΘΗ,
515 1735 619 1817 τριῶν
642 1730 680 1798 δδ
702 1727 1059 1819 παραλληλογράμμων
1082 1733 1153 1798 τῶν

82 1851 114 1901 15
133 1843 285 1923 ΕΒΖΗ,
299 1842 449 1921 ΕΒΚΘ,
467 1840 610 1904 ΘΚΖΗ
625 1848 670 1927 τῷ
689 1843 847 1924 πρίσματι
866 1840 911 1927 τῷ
926 1837 1152 1927 περιεχομένῳ

132 1941 198 2011 ὑπὸ
229 1942 292 2011 δύο
321 1942 383 2030 μὲν
410 1942 586 2029 τριγώνων
609 1948 677 2011 τῶν
701 1948 812 2027 ΗΖΓ,
840 1947 959 2027 ΘΚΛ,
985 1946 1091 2029 τριῶν
1116 1941 1154 2011 δδ

132 2049 490 2136 παραλληλογράμμων
525 2052 594 2117 τῶν
627 2055 773 2134 ΚΖΓΑ,
810 2051 965 2133 ΛΓΗΘ,
1002 2055 1154 2117 ΘΚΖΗ.

132 2156 188 2222 καὶ
207 2154 369 2241 φανερόν,
390 2153 441 2222 ὅτι
460 2154 618 2241 ἑκάτερον
637 2159 705 2222 τῶν
724 2153 929 2241 πρισμάτων,
949 2144 1040 2222 οὗτε
1054 2153 1154 2239 βάσις

132 2258 171 2326 τὸ
194 2266 338 2327 ΕΒΖΗ
355 2260 721 2347 παραλληλόγραμμον,
751 2259 955 2329 ἀπεναντίον
979 2258 1017 2328 δὲ
1039 2257 1060 2347 ἡ
1084 2267 1154 2328 ΘΚ

81 2380 115 2430 νο
135 2362 269 2450 εὐθεῖα,
296 2366 352 2433 καλ
377 2357 419 2432 οὗ
442 2365 540 2451 βάσις
562 2365 599 2435 τὸ
619 2372 725 2434 ΗΖΓ
741 2372 919 2454 τρίγωνον,
946 2364 1152 2434 άπεναντίον

135 2471 172 2539 δὲ
190 2469 228 2539 τὸ
243 2478 312 2539 ΘΚ
316 2477 347 2538 Α
365 2475 545 2557 τρίγωνον,
564 2472 677 2559 μεῖζόν
692 2476 782 2541 ἐστιν
796 2473 952 2558 ἑκατέρας
964 2475 1033 2541 των
1047 2496 1153 2561 πυρα-

134 2580 257 2663 μίδων,
282 2567 332 2644 ὦν
354 2575 468 2663 βάσεις
491 2576 615 2664 μὲντὰ
638 2586 761 2664 ΑΕΗ,
785 2584 887 2646 ΘΚΛ
910 2583 1073 2664 τρίγωνα,
1096 2604 1152 2646 κο-

134 2683 240 2770 ρυφαὶ
268 2683 305 2750 δὲ
327 2681 367 2750 τά
392 2692 435 2768 Θ,
460 2691 493 2750 Δ
516 2698 651 2770 σημεῖα,
679 2683 856 2773 ἐπειδήπερ
882 2688 969 2768 [καί]
998 2683 1060 2752 ίδιν
1084 2686 1152 2752 ἐπι-

135 2786 295 2874 ζεύξωμεν
322 2788 381 2869 τάς
404 2797 481 2875 ΕΖ,
510 2797 579 2857 ΕΚ
606 2788 755 2876 εὐθείας,
783 2789 821 2859 τὸ
849 2790 912 2878 μὲν
939 2794 1081 2877 πρίσμα,
1110 2782 1152 2860 οὗ

81 2910 115 2959 25
134 2894 232 2981 βάσις
259 2893 297 2963 τὸ
326 2903 467 2964 ΕΒΖΗ
491 2899 853 2986 παραλληλόγραμμον,
882 2893 1085 2964 ἀπεναντίον
1116 2895 1153 2964 δὲ

133 2999 154 3088 ἡ
177 3008 245 3069 ΘΚ
272 2999 404 3086 εὐθεῖα,
434 3002 546 3090 μεῖζόν
575 3005 643 3071 ἐστι
671 3008 730 3091 τῆς
757 3007 959 3092 πυραμίδος,
987 2994 1028 3089 ἧς
1055 3001 1154 3088 βάσις

133 3105 173 3174 τὸ
196 3115 295 3175 ΕΒΖ
317 3114 501 3196 τρίγωνον,
528 3108 661 3195 κορυφὴ
691 3108 729 3177 δὲ
756 3107 793 3177 τὸ
822 3115 853 3175 Κ
878 3122 1027 3202 σημείου.
1074 3106 1149 3176 ἀλλ’

188 3245 470 3336 ΡΙ1.ἐστι]οωι.Ερ.
560 3246 612 3373 τόᾷ
625 3252 655 3305 et
671 3251 701 3305 in
719 3252 800 3306 textu
819 3252 848 3304 eh
866 3268 922 3320 mg,
942 3269 978 3304 m.
998 3255 1014 3304 2
1033 3249 1066 3305 Β.

135 3324 159 3374 2.
180 3337 250 3375 ωστε
271 3352 302 3359 -
324 3327 348 3376 5.
368 3321 497 3392 σημεῖον]
517 3337 570 3375 om.
613 3364 619 3377 .
674 3328 698 3377 3.
719 3319 770 3391 μέν
790 3316 847 3376 ἔστι
866 3321 900 3375 V.
955 3327 980 3377 4.
1001 3317 1076 3392 ἐστί]
1097 3337 1153 3376 om.

133 3406 164 3461 F.
219 3406 272 3476 μέν
292 3403 350 3462 ἐστι
368 3407 402 3464 V.
474 3411 624 3482 τρίγωνον]
643 3398 713 3465 ΕΗ-
722 3410 752 3466 F.
826 3416 850 3464 7.
870 3410 1020 3481 πυραμίδι]
1039 3410 1070 3464 in
1088 3409 1151 3478 syll.

133 3496 210 3545 πυρα
229 3478 285 3532 des.
304 3477 340 3544 Ε,
358 3479 497 3548 reliquam
516 3482 626 3551 partem
644 3499 661 3537 a
681 3503 702 3551 φ
723 3481 883 3550 suppletam
903 3481 950 3534 hio
966 3480 1087 3550 neglexi

139 3553 181 3603 10.
201 3545 263 3619 ἔχῃ]
282 3564 352 3604 corr.
371 3565 405 3603 ex
425 3547 484 3619 ἔχει
501 3551 623 3607 m.21>.
689 3559 729 3609 11.
750 3552 781 3624 ῃ]
801 3554 844 3620 εἴη
864 3553 897 3607 V.
963 3557 1004 3606 14.
1024 3555 1104 3606 ΚΖΒ
1119 3552 1154 3608 V.
