2468 3952
364 202 639 254 uaauuuaoauu
657 203 767 254 amaa
784 205 831 253 m.
1039 200 1103 264 133

84 349 201 409 ΒΣΗ
228 349 316 410 reeta
350 349 414 428 esi,
447 348 480 410 ei
512 350 730 410 BZ=ZH.
786 351 819 411 ei
851 346 1006 430 quoniam
1038 348 1104 410 ΓΑ

83 455 193 540 reatae
217 453 285 515 AB
310 455 342 515 ei
365 452 510 536 aequalis
534 456 584 517 esi
613 455 646 516 et
667 453 837 536 parallela‚
866 456 899 517 ei
922 457 983 517 ΓΑ
1005 452 1103 517 eliam

84 560 193 622 reatae
221 561 295 623 ΕΗ
323 560 356 622 el
389 559 533 642 aequalis
563 562 595 624 et
621 559 780 644 parallela
814 563 878 643 esi,
910 559 1008 623 etiam
1037 563 1102 622 ΛΒ

82 668 193 729 reciae
222 668 297 729 ΕΗ
326 669 358 729 et
389 665 532 749 aequalis
565 669 614 729 eal
646 668 679 729 et
710 665 866 749 parallela
899 667 1002 748 [prop.
1030 664 1101 745 IX].

87 2183 121 2244 el
139 2199 192 2242 eas
213 2177 417 2260 coniungunt
439 2178 546 2240 reciae
570 2179 651 2260 ΔΕ,
674 2179 749 2239 ΒΗ.
781 2176 891 2259 itaqua
907 2181 940 2240 A
946 2181 978 2240 E
997 2180 1104 2242 rectae

87 2288 156 2350 BH
183 2283 345 2368 parallela
369 2286 419 2348 esi
444 2281 488 2366 [l,
512 2283 579 2362 33].
623 2279 764 2366 itaquel)
791 2287 812 2358 l,
827 2286 895 2345 EA
905 2286 935 2346 Τ
945 2314 986 2336 --
1001 2288 1110 2348 ΒΗΤ

88 2389 179 2475 (nam
197 2389 314 2471 alterni
334 2386 423 2474 suni)
444 2386 483 2471 [1,
498 2388 566 2471 29],
586 2390 618 2452 et
637 2394 658 2463 L
674 2393 707 2452 Δ
717 2391 779 2451 TY
791 2418 833 2440 =
847 2392 883 2452 H
891 2393 956 2452 ΤΣ
977 2389 1015 2473 [Ι,
1042 2391 1105 2470 15].

88 2518 187 2581 quare
216 2496 279 2560 duo
307 2494 466 2579 trianguli
497 2496 573 2558 sunl
596 2499 629 2558 A
639 2497 668 2556 T
673 2499 712 2577 Y,
734 2498 772 2557 H
779 2498 844 2557 ΤΣ
864 2495 945 2560 duos
969 2496 1104 2581 angulos

88 2603 214 2669 duobus
239 2600 367 2685 angulis
397 2600 547 2683 aequales
571 2599 730 2664 habentes
758 2603 792 2664 ei
814 2622 915 2664 unum
939 2601 1025 2666 laius
1049 2603 1105 2666 uni

89 2709 185 2774 lateri
210 2707 357 2793 aequale,
381 2706 467 2791 quod
492 2706 551 2770 sub
576 2706 679 2771 allero
703 2706 897 2791 angulorum
922 2707 1105 2792 aequalium

88 2814 271 2898 sublendii‚
299 2818 332 2876 Δ
342 2818 371 2875 Τ
382 2842 423 2865 =
439 2815 514 2876 ΗΣ
541 2809 630 2897 (nam
659 2811 811 2877 dimidiae
841 2817 917 2878 suni
942 2817 1103 2878 rectarum

87 2925 169 3005 ΔΕ,
190 2916 286 3007 ΒΗ),
310 2919 485 3002 etreliqua
503 2919 607 2983 latera
625 2918 760 3002 reliquis
779 2919 936 2983 lateribus
956 2918 1104 3002 aequalia

86 3027 254 3092 habebunt
279 3025 322 3110 [I,
345 3026 412 3106 26].
459 3046 536 3110 ergo
560 3029 682 3088 AT=
702 3028 780 3109 ΤΗ,
808 3030 924 3089 YT=
944 3028 1014 3087 ΤΣ.
1122 3059 1127 3068 -

10 3188 31 3210 .,,
155 3133 245 3218 Ergo
269 3133 297 3197 ai
320 3133 356 3196 in
378 3131 460 3197 eubo
484 3133 587 3196 latera
610 3131 783 3214 planorum
807 3130 894 3194 inter
917 3152 951 3194 se
974 3128 1103 3212 opposi-

88 3243 197 3304 torum
220 3240 254 3303 in
278 3239 356 3304 duas
379 3240 488 3322 partes
508 3238 657 3322 aequales
677 3239 837 3327 ¹secanlur,
860 3239 894 3301 et
911 3257 968 3319 per
982 3238 1102 3320 puncta

89 3346 268 3411 sectionum
291 3346 389 3428 plana
413 3345 581 3429 ducuntur,
605 3344 784 3409 eommunis
807 3343 980 3427 planorum
1003 3342 1103 3407 aeolio

161 3539 187 3608 1)
207 3537 279 3592 Nam
300 3540 368 3606 ΔΕ,
387 3541 460 3605 ΔΗ,
486 3540 544 3590 ΒΗ
565 3536 594 3590 in
613 3537 711 3592 eodem
734 3535 820 3606 plano
838 3535 904 3590 aunt
923 3537 1012 3606 (prop.
1031 3535 1102 3604 Vll).
