2468 3952
216 173 259 237 62
589 175 789 228 ΣΤΟΙΧΕΙΩΝ
808 172 859 228 ια’.

216 313 380 403 στερεὰν
402 320 552 402 γωνίαν
576 314 866 402 συστήσασθαι·
891 320 954 383 δεῖ
971 313 1017 401 δὴ
1035 314 1103 395 τὰς
1120 330 1232 400 τρεῖς

215 421 417 508 τεσσάρων
441 418 575 506 ὀρθῶν
599 421 820 502 ἐλάσσονας
843 419 956 489 εἶναι.

272 526 446 595 Ἔστωσαν
466 530 503 594 αί
519 531 675 595 δοθεῖσαι
693 542 781 615 τρεῖς
798 533 916 614 γωνίαι
937 528 1087 596 ἐπίπεδοι
1105 530 1143 595 αί
1159 524 1225 595 ὑπδ

215 639 328 719 ΑΒΓ,
353 641 469 719 ΔΕΖ,
492 640 612 719 ΗΘΚ,
641 624 690 702 άν
717 637 755 700 αί
775 632 838 701 δύο
861 638 920 720 τῆς
942 639 1059 720 λοιπῆς
1082 640 1231 721 μείζονες

180 743 364 809 ὅέστωσαν
395 739 503 828 πάντῃ
540 738 887 827 μεταλαμβανόμεναι,
925 744 972 807 ἐτι
1005 739 1042 807 δὲ
1074 744 1113 807 αί
1141 752 1229 828 τρεῖς

213 844 386 934 τεσσάρων
423 842 541 931 ὀρθῶν
578 844 767 926 ἐλάσσονες·
800 850 854 913 δεῖ
888 845 930 933 δὴ
968 848 1003 913 ἐκ
1038 850 1107 915 τῶν
1144 854 1232 913 ίσων

213 965 285 1030 ταῖς
307 948 374 1021 ὑπὸ
397 958 507 1037 ΑΒΓ,
531 958 647 1038 ΔΕΖ,
671 958 779 1020 ΗΘΚ
800 951 938 1040 στερεὰν
961 956 1089 1039 γωνίαν
1111 951 1230 1038 συστή-

215 1067 350 1127 σασθαι.

279 1163 557 1253 Ἀπειλήφθωσαν
581 1173 660 1232 ίσαι.
675 1168 713 1233 αί
732 1173 814 1251 ΑΒ,
836 1171 914 1249 ΒΓ,
938 1171 1020 1251 ΔΕ,
1044 1171 1122 1249 ΕΖ,
1145 1170 1230 1249 ΗΘ,

163 1297 196 1346 ιο
215 1279 296 1357 ΘΚ,
322 1273 379 1340 καί
406 1270 657 1358 ἐπεζεύχθωσαν
686 1275 722 1338 αί
748 1277 824 1356 ΑΓ,
854 1280 934 1358 ΔΖ,
964 1278 1051 1339 ΗΚ·
1081 1268 1232 1338 δυνατὸν

215 1377 280 1463 άρα
303 1378 394 1445 ἐστὶν
418 1379 453 1445 ἐκ
475 1380 542 1444 τῶν
566 1385 650 1446 ίσων
672 1391 745 1457 ταῖς
767 1383 846 1464 ΑΓ,
868 1385 948 1462 ΔΖ,
967 1384 1041 1445 ΗΚ
1061 1383 1230 1463 τρίγωνον

215 1483 456 1570 συστήσασθαι.
496 1483 686 1552 συνεστάτω
714 1483 751 1551 τὸ
771 1491 902 1570 ΛΜΝ,
931 1485 1015 1554 ὥστε
1038 1493 1115 1571 ίσην
1138 1480 1227 1551 εἶναι

214 1589 275 1677 τὴν
302 1590 364 1677 μὲν
391 1594 461 1657 ΑΓ
483 1593 522 1678 τῇ
547 1597 637 1676 ΛΜ,
668 1589 729 1677 τὴν
758 1591 796 1658 δέ
819 1599 885 1658 ΔΖ
911 1595 950 1680 τῇ
975 1597 1069 1676 ΜΝ,
1095 1589 1151 1657 καὶ
1179 1592 1229 1655 ἐτι

213 1694 276 1782 τὴν
300 1701 373 1763 HK
399 1700 438 1785 τῇ
462 1703 547 1782 ΝΛ,
573 1696 629 1764 καὶ
657 1696 916 1785 περιγεγράφθω
943 1698 1019 1784 περὶ
1046 1695 1082 1764 τδ
1108 1701 1230 1763 ΛΜΝ

163 1827 194 1875 15
213 1807 380 1889 τρίγωνον
398 1801 519 1882 κύκλος
538 1799 556 1870 δ
576 1809 707 1888 ΛΜΝ,
730 1803 786 1870 καί
805 1802 957 1890 εἰλήφθω
977 1799 1081 1870 αὐτοῦ
1099 1800 1136 1868 τὸ
1154 1801 1228 1867 τεέν-

213 1935 295 1998 τρον
317 1910 373 1977 καὶ
397 1914 479 1977 ἔστω
502 1907 540 1978 τὸ
559 1910 602 1994 Ξ,
625 1909 681 1976 καὶ
705 1908 956 1997 ἐπεζεύχθωσαν
980 1910 1018 1975 αί
1034 1916 1064 1975 A
1072 1912 1114 1994 Ξ,
1138 1908 1229 1992 ΜΞ,

219 2018 292 2093 ΝΞ·
315 2016 416 2102 λέγω,
440 2013 492 2082 ὅτι
515 2013 616 2102 ἡΑΒ
635 2022 754 2103 μείζων
775 2016 843 2084 ἐστὶ
862 2020 919 2101 τῆς
935 2018 1007 2093 ΛΞ.
1043 2019 1074 2082 εί
1090 2015 1153 2103 γὰρ
1172 2011 1231 2100 μή,

215 2119 288 2207 ἤτοι
307 2129 362 2207 ίση
382 2121 472 2189 ἐστὶν
490 2118 511 2207 ἡ
527 2129 591 2188 ΑΒ
610 2127 650 2211 τῇ
665 2130 697 2190 Λ
702 2125 733 2199 Ξ
748 2119 769 2209 ἢ
784 2122 937 2192 ἐλάττων.
967 2128 1049 2190 ἔστω
1063 2121 1228 2205 πρότερον

215 2235 279 2312 ἴση.
311 2227 367 2293 καὶ
386 2227 455 2294 ἐπεὶ
474 2236 529 2314 ίση
550 2229 640 2296 ἐστὶν
658 2226 679 2315 ἡ
696 2236 761 2296 ΑΒ
780 2233 819 2318 τῇ
835 2232 918 2316 ΛΞ,
941 2227 1026 2297 ἀλλὰ
1045 2225 1065 2315 ἡ
1085 2227 1147 2315 μὲν
1161 2233 1229 2293 AB

161 2336 253 2421 ποτῇ
277 2337 344 2400 ΒΓ
362 2335 452 2400 ἐστιν
476 2342 547 2419 ίση,
571 2331 591 2420 ἡ
616 2334 654 2403 δὲ
676 2336 741 2411 ΞΛ
762 2339 802 2424 τῇ
821 2338 909 2421 ΞΜ,
935 2334 998 2403 δύο
1023 2333 1065 2421 δὴ
1089 2336 1126 2401 αί
1147 2339 1229 2416 AB,

215 2445 276 2506 ΒΓ
287 2439 350 2507 δύο
365 2452 438 2519 ταῖς
452 2441 530 2525 ΛΞ,
554 2441 630 2516 ΞΜ
644 2449 714 2508 ίσαι
738 2442 824 2510 είσὶν
843 2442 979 2530 ἑκατέρα
997 2441 1147 2530 ἑκατέρα·
1171 2439 1228 2506 καὶ

287 2728 310 2778 1.
326 2718 426 2790 στερεά
439 2724 528 2792 γωνία
542 2723 572 2790 F,
591 2724 641 2778 sed
655 2739 724 2779 corr.
779 2720 974 2792 συστήσασθαι
987 2727 1093 2794 γωνίαν
1107 2724 1141 2780 V.
1162 2742 1229 2778 σνν-

215 2790 374 2862 στήσασθαι
389 2794 417 2864 Ρ,
436 2809 505 2848 corr.
520 2812 557 2848 m.
571 2799 597 2848 2.
670 2799 695 2848 2.
716 2789 867 2855 ἐλάττονας
880 2793 909 2849 Ρ.
983 2794 1050 2849 Post
1069 2792 1144 2849 εἶναι
1162 2794 1227 2850 εδδ.

214 2862 263 2919 διὰ
286 2863 318 2920 τὸ
342 2863 392 2919 ναὶ
413 2865 510 2919 πᾶσαν
529 2862 647 2933 στερεὰν
684 2866 772 2919 ωνίαν
795 2861 851 2919 ὑπὸ
875 2866 960 2932 τριῶν
979 2866 1024 2934 (φ)
1047 2859 1227 2935 ἢτεοσάρων

215 2930 312 3006 ὀρθῶν
331 2937 443 3007 γωνιῶν
460 2933 645 3005 περιέχεσθαι
663 2885 692 2992 Ξ.
778 2941 803 2989 4.
824 2929 863 2989 ὧν
883 2934 935 3007 αἱ]
955 2938 1056 3006 γωνίαι
1075 2938 1108 3006 Ρ,
1137 2929 1176 2990 ὧν
1196 2933 1230 2990 αί

214 3007 278 3062 add.
297 3027 333 3063 m.
354 3013 378 3062 2.
461 3013 486 3061 6.
505 3003 651 3069 ἐλάττονες
669 3006 699 3074 Ρ,
719 3002 854 3069 ἐλάσσους
872 3007 933 3061 FV.
971 3007 1043 3062 Dein
1060 3007 1124 3062 add.
1145 3005 1227 3061 ἔστω-

214 3096 267 3134 σαν
285 3080 316 3135 F.
390 3085 413 3134 ῖ.
433 3074 646 3147 οννττήοασθαι
663 3077 694 3145 Ρ,
715 3094 784 3132 corr.
803 3095 840 3134 m.
860 3083 885 3133 2.
959 3084 983 3132 9.
1003 3079 1069 3149 ΒΓ]
1089 3083 1151 3146 ΒΓ,
1172 3081 1228 3130 ΓΔ

28 3194 40 3221 ,,
214 3150 241 3204 b.
323 3150 391 3221 ΔΕ]
411 3166 480 3206 corr.
499 3164 534 3203 ex
548 3152 602 3202 PE
621 3167 656 3202 m.
678 3155 691 3202 1
712 3148 740 3203 b.
806 3154 846 3205 11.
866 3144 922 3217 ἄρα
942 3145 1017 3204 ἐστὶν
1038 3145 1070 3202 ἐν
1088 3151 1144 3203 τῶν
1159 3151 1227 3203 ίσων

28 3234 45 3287 [ς
213 3221 288 3290 ταῖς]
308 3217 343 3290 δὴ
365 3217 396 3276 ἐν
414 3220 499 3287 τριῶν
518 3220 574 3274 των
593 3221 623 3288 b;
643 3237 699 3290 mg,
718 3239 760 3289 γρ.
780 3215 836 3288 άρα
856 3215 932 3275 ἐστίν
951 3216 984 3275 ἐν
1002 3221 1059 3273 τῶν
1079 3222 1156 3276 ίοων.

50 3290 61 3313 ²·
215 3295 257 3344 12.
277 3288 485 3360 οννοτήσασθαι
505 3289 536 3358 Ρ,
555 3307 625 3346 corr.
644 3309 680 3344 m.
696 3296 720 3344 2.
796 3296 836 3347 13.
856 3293 932 3360 AM]
946 3296 997 3345 AB
1013 3311 1043 3358 φ.
1119 3298 1160 3348 14.
1179 3289 1226 3360 τῇ]

62 3378 69 3397 ··
213 3375 298 3429 supra
316 3359 420 3449 eqan.
501 3361 672 3446 ⁸NAQAN
688 3360 809 3449 BEV„
879 3368 920 3451 lab.
940 3362 1008 3417 Post
1023 3360 1142 3445 μέντρον
1161 3361 1226 3416 add.

28 3298 968 3704 Ηζδλάλλῖἴέῗάλλλζλῖἷρέίίῖἴίέάάπὶ
986 3437 1227 3575 μῖίῗλῗίάίἱλ
