2468 3952
162 188 226 252 110
534 187 735 239 ΣΤΟΙΧΕΙΩΝ
754 185 804 239 ια’.

160 336 235 396 ΝΠ
262 327 377 413 βάσιν,
406 327 511 408 οὕτως
537 327 557 414 ἡ
584 335 662 396 ΜΓ
684 327 768 415 πρὸς
793 329 855 414 τὴν
880 334 959 394 ΑΗ.
1003 338 1072 394 τῶν
1097 334 1180 411 ΑΒ,

159 442 225 503 ΓΛ
253 433 319 522 ἀρα
347 438 490 522 στερεῶν
518 435 859 521 παραλληλεπιπέδων
888 430 1177 500 ἀντιπεπόνθασιν

160 544 197 606 αλ
219 540 335 626 βάσεις
357 555 427 621 τοϊς
450 540 581 623 ῦψεσιν.

228 647 339 716 Πάλιν
359 649 400 734 δὴ
419 651 488 715 τῶν
502 656 533 713 Α
539 653 582 730 Β,
598 651 664 712 ΓΔ
678 648 821 730 στερεῶν
836 645 1176 732 παραλληλεπιπέδων

125 772 141 821 ο
161 751 500 823 ἀντιπεπονθέτωσαν
519 756 556 819 αλ
573 750 688 837 βάσεις
707 766 775 832 τοῖς
793 751 930 838 ῦψεσιν,
954 753 1009 819 καὶ
1029 757 1112 818 ἔστω
1133 748 1178 831 ὡς

159 857 179 947 ἡ
204 869 267 928 ΕΘ
290 859 388 946 βάσις
410 861 493 947 πρὸς
515 861 577 944 τὴν
600 865 677 925 ΝΠ
697 857 814 944 βάσιν,
838 855 944 937 οὕτως
966 859 1005 925 τὸ
1027 861 1089 925 τοῦ
1115 862 1177 923 ΓΔ

160 971 296 1054 στερεοῦ
324 964 410 1048 ῦψος
436 966 519 1054 πρὸς
545 966 583 1032 τὸ
612 968 672 1032 τοῦ
697 972 760 1031 ΑΒ
789 967 925 1052 στερεοῦ
949 961 1048 1043 ῦψος·
1078 964 1176 1049 λέγω,

160 1072 211 1140 ὄτι
234 1081 309 1143 ι”σον
334 1073 401 1141 ἐστὶ
424 1073 462 1140 τὸ
486 1078 552 1140 ΑΒ
576 1073 711 1159 στερεὸν
734 1075 779 1164 τῷ
803 1078 866 1139 ΓΔ
888 1074 1020 1161 στερεῷ.

216 1176 391 1246 Ἔστωσαν
420 1179 510 1267 [γάρ]
539 1176 643 1245 πάλιν
665 1180 702 1245 αἱ
724 1179 936 1263 ἐφεστηκυῖαι
960 1177 1042 1263 πρὸς
1066 1175 1176 1261 ὀρθάς

108 1303 140 1352 10
159 1298 232 1363 ταῖς
254 1284 403 1369 βάσεσιν.
449 1283 505 1350 καὶ
533 1287 564 1351 εἰ
591 1283 653 1369 μὲν
681 1290 736 1369 έση
766 1283 856 1349 ἐστὶν
883 1279 903 1367 ἡ
929 1288 992 1349 ΕΘ
1014 1280 1111 1366 βάσις
1134 1285 1174 1371 τῇ

158 1397 237 1458 ΝΠ
256 1389 362 1476 βάσει,
390 1394 449 1456 καί
469 1392 560 1458 ἐστιν
584 1387 629 1469 ὡς
652 1387 672 1476 ἡ
697 1396 760 1456 ΕΘ
786 1387 884 1473 βάσις
910 1385 995 1476 πρδς
1017 1386 1078 1474 τὴν
1102 1396 1180 1456 ΝΠ

48 1545 54 1550 -
159 1494 276 1582 βάσιν,
308 1494 414 1576 οῦτως
440 1494 478 1564 τὸ
501 1499 563 1564 τοῦ
590 1501 654 1568 ΓΔ
678 1499 813 1582 στερεοῦ
836 1492 923 1574 ῦψος
945 1493 1029 1580 πρὸς
1051 1492 1083 1561 tt*
1113 1497 1175 1561 τοῦ

159 1610 224 1669 ΑΒ
248 1605 383 1690 στερεοῦ
406 1599 508 1688 ῦψος,
533 1611 609 1670 ἴσον
633 1599 698 1689 ἀρα
722 1600 791 1668 ἐστὶ
814 1599 870 1666 καὶ
888 1597 925 1666 τὸ
946 1601 1007 1666 τοῦ
1022 1605 1089 1665 ΓΔ
1107 1619 1177 1667 στε-

159 1713 239 1795 ρεοῦ
263 1706 350 1791 ῦψος
372 1713 418 1802 τῷ
441 1712 503 1777 τοῦ
522 1716 588 1777 ΑΒ
612 1711 748 1796 στερεοῦ
771 1704 859 1788 ῦψει.
896 1703 936 1774 τά
962 1705 998 1772 δὲ
1018 1706 1071 1772 ἐπὶ
1091 1715 1175 1773 ἴσων

107 1832 139 1881 15
158 1817 290 1900 βάσεων
310 1834 425 1903 στερεα
445 1813 758 1903 παραλληλεπίπεδα
776 1814 831 1881 καὶ
850 1811 917 1882 ὑπὸ
936 1811 973 1880 τὸ
990 1809 1072 1880 αὐτὸ
1089 1810 1175 1893 ῦψος

160 1929 215 1990 λ’σα
238 1920 396 2010 ἀλλήλοις
419 1924 525 1990 ἐστίν·
549 1929 625 1989 ἴσον
649 1919 715 2006 ἀρα
739 1922 807 1990 ἐστὶ
830 1920 868 1989 τὸ
888 1928 954 1988 ΑΒ
974 1917 1110 2006 στερεὸν
1128 1924 1174 2011 τῷ

159 2032 226 2093 ΓΔ
249 2030 379 2116 στερεῷ.

226 2132 286 2218 Μὴ
311 2138 393 2200 έστω
418 2133 460 2219 δὴ
484 2133 505 2219 ἡ
521 2140 584 2200 ΕΘ
602 2131 700 2217 βάσις
718 2135 756 2218 τη
771 2138 849 2198 ΝΠ
866 2129 987 2218 [βάσει]
1005 2141 1075 2217 λ’ση,
1099 2132 1189 2199 ἀλλ”

159 2243 241 2305 ἔστω
252 2244 371 2324 μείζων
382 2236 403 2323 ἡ
415 2246 490 2305 ΕΘ·
505 2245 617 2324 μεῖξον
627 2236 692 2323 ἀρα
703 2236 771 2305 έστλ
781 2236 837 2303 καὶ
847 2235 884 2305 τδ
895 2241 955 2305 τοῦ
966 2244 1027 2305 ΓΛ
1037 2243 1175 2326 στερεοῦ

105 2362 139 2411 20
158 2341 244 2425 ῦψος
270 2347 331 2411 τοῦ
359 2347 420 2411 τοῦ
448 2350 513 2410 ΑΒ
543 2348 678 2431 στερεοῦ
706 2343 837 2431 ῦψονς,Ι
859 2344 1029 2411 τουτέστιν
1057 2341 1078 2431 ἡ
1103 2351 1182 2411 ΓΜ

158 2454 215 2537 τῆς
239 2455 319 2518 ΑΗ.
359 2453 484 2516 κείσθω
508 2454 548 2539 τῇ
573 2456 648 2516 ΑΗ
668 2457 723 2535 λ’ση
744 2446 850 2516 πάλιν
872 2446 893 2534 ἡ
919 2455 990 2535 ΓΤ,
1013 2450 1068 2516 καλ
1093 2468 1174 2534 συμ-

157 2555 389 2642 πεπληρώσθω
419 2552 542 2641 ὁμοίως
568 2553 605 2623 τὸ
629 2561 699 2622 ΓΦ
726 2554 870 2643 στερεόν.
921 2558 993 2624 ἐπεί
1014 2556 1105 2623 ἐστιν
1129 2553 1175 2634 ὡς

158 2659 178 2749 ἡ
199 2670 262 2730 ΕΘ
285 2660 382 2748 βάσις
404 2660 489 2749 πρὸς
510 2660 573 2747 τὴν
593 2668 669 2729 ΝΠ
689 2660 801 2746 βάσιν,
825 2658 931 2740 οὕτως
954 2658 973 2748 ἡ
996 2667 1072 2728 ΜΓ
1090 2660 1174 2749 πρὸς

157 2766 219 2854 τὴν
242 2775 328 2853 ΑΗ,
353 2775 408 2854 λ’ση
434 2767 471 2835 δὲ
494 2764 514 2854 ἡ
540 2774 615 2833 ΑΗ
632 2770 672 2855 τῇ
693 2773 770 2852 ΓΤ,
794 2771 884 2833 ἔστιν
909 2764 974 2855 ἀρα
998 2764 1042 2846 ὡς
1066 2794 1085 2852 η
1112 2774 1175 2834 ΕΘ

105 2894 139 2943 25
159 2874 267 2968 βάσις,
284 2873 368 2962 πρὸς
395 2872 457 2960 τὴν
480 2880 560 2941 ΝΠ
582 2873 697 2959 βάσιν,
727 2870 832 2952 οὕτως
862 2870 881 2958 ἡ
906 2878 983 2940 ΓΜ
1005 2871 1089 2958 πρὸς
1111 2871 1174 2958 τὴν

159 2987 228 3050 ΓΤ.
266 2978 339 3049 ἀλλ’
366 2978 410 3060 ὥς
434 2979 495 3066 μέν
518 2977 538 3066 ἡ
560 2986 626 3045 ΕΘ
645 2978 768 3065 [βάσις]
787 2977 870 3068 πρὸς
888 2977 950 3067 τὴν
969 2986 1007 3047 Ν
1009 2987 1046 3046 Π
1061 2977 1174 3065 βάσιν,

159 3085 265 3167 οὕτως
287 3085 326 3153 τὸ
350 3094 415 3155 AB
447 3088 584 3171 στερεὸν
611 3082 694 3172 πρὸς
716 3083 753 3152 τὸ
779 3090 845 3152 ΓΦ
868 3085 1017 3175 στερεόν·
1046 3089 1172 3171 ἰσοϋψῆ

159 3194 223 3281 γάρ
248 3196 316 3261 ἐστι
340 3189 380 3259 τά
399 3200 480 3276 ΑΒ,
500 3197 566 3258 ΓΦ
589 3190 718 3276 στερεά·
743 3188 788 3272 ὡς
812 3192 849 3260 δὲ
872 3190 892 3278 ἡ
912 3198 988 3259 ΓΜ
1006 3189 1091 3278 πρὸς
1109 3189 1174 3276 τὴν

232 3448 254 3495 1.
277 3443 383 3497 τινε.
474 3445 538 3510 AB,
558 3441 626 3512 ΓΔ]
646 3457 700 3497 om.
720 3439 780 3494 εν.
870 3427 1087 3510 ιεραηοῖν.

159 3518 183 3566 3.
204 3506 291 3581 ῦψεσι
309 3512 366 3568 Vb.
440 3518 464 3568 4.
486 3517 536 3567 ΓΔ
555 3507 612 3582 ἀρα
633 3513 657 3566 b.
744 3508 1044 3582 παραλληλεπιπέδων]
1065 3527 1118 3565 om.
1140 3511 1172 3567 V.

81 3636 163 3696 h.
