2468 3952
55 160 59 168 ¹
143 203 206 267 183
517 203 719 255 Στοιαωιαα
737 197 787 270 ιβ’.

141 348 231 412 ἐστιν
254 342 275 430 ή
299 343 336 413 τὸ
360 343 464 431 ήμισυ
485 347 547 412 τοῦ
570 347 766 431 κυλίνδρου,
795 345 969 429 ἐπειδήπερ
992 339 1057 409 κάν
1081 343 1160 429 περὶ

140 451 200 519 τὸν
215 457 349 519 ΑΒΓΔ
362 451 486 520 κύκλον
500 449 712 536 τετράγωνον
725 449 994 538 περιγράψωμεν,
1013 449 1051 517 τὸ
1068 452 1160 535 έγγε-

141 559 333 644 γραμμένον
357 560 404 636 εἰς
428 556 487 625 τὸν
511 561 643 624 ΑΒΓΔ
670 555 796 624 κύκλον
818 559 1030 644 τετράγωνον
1052 553 1161 642 ήμισύ

142 667 210 732 ἐστι
233 675 293 733 τοῦ
317 665 639 751 περιγεγραμμένου·
662 668 722 730 καί
737 665 804 731 ἐστι
823 662 863 730 τά
884 661 941 730 ἀπ’
969 661 1082 730 αύτών
1101 660 1160 730 άν-

104 768 300 856 5ιστάμενα
328 768 443 856 στερεά
471 771 784 864 πααλληλεπίπεδα
815 774 982 856 πρίσματα
1015 772 1159 854 ἰσοϋψῆ·

139 874 179 943 τά
200 875 237 943 δέ
256 873 320 944 ὑπὸ
339 875 377 943 τὸ
397 872 479 942 αὐτὸ
498 867 585 954 ύψος
608 872 689 943 ὄντα
709 873 824 963 στερεά
844 879 1159 961 παραλληλεπίπεδα

140 981 223 1070 πρὸς
241 979 368 1067 άλληλά
389 983 479 1049 ἐστιν
498 979 544 1060 ώς
563 983 600 1047 αἰ
612 980 739 1066 βάσεις·
757 981 813 1048 καλ
827 978 864 1048 τὸ
881 980 932 1049 ἐπὶ
946 985 1008 1048 τοῦ
1023 987 1158 1049 ΑΒΓΔ

140 1086 205 1173 ίίρα
235 1087 447 1174 τετραγώνου
480 1083 672 1154 άνασταθέν
703 1093 830 1173 πρίσμα
861 1085 966 1174 ἥμισύ
1000 1089 1069 1154 ἐστι
1095 1091 1158 1156 τοῦ

140 1191 389 1269 ἀνασταθέντος
421 1198 605 1278 πρίσματος
636 1192 701 1260 άπὸ
735 1197 796 1261 τοῦ
828 1193 904 1282 περί
933 1196 993 1261 τὸν
1022 1199 1158 1261 ΑΒΓΔ

89 1323 120 1371 10
139 1299 264 1368 κύκλον
286 1299 549 1387 περιγραφέντος
570 1298 795 1386 τετραγώνου·
818 1305 877 1366 καί
897 1301 987 1367 ἐστιν
1007 1296 1025 1367 ὁ
1044 1298 1176 1367 κύλιν-’

140 1411 220 1494 δρος
248 1406 394 1473 ἐλάττων
420 1409 480 1473 τού
513 1411 696 1492 πρίσματος
723 1415 784 1472 τοῦ
812 1403 1062 1485 ἀνασταθέντος
1090 1404 1162 1474 άπδ·

138 1524 201 1580 τοῦ
219 1512 294 1596 περὶ
308 1509 368 1579 τὸν
377 1520 409 1578 Α
415 1515 512 1577 ΒΓΔ
525 1500 1157 1600 κύκλονπεριγραφέντοςτετραγώνου·

42 1620 46 1627 ’
138 1621 175 1687 τὸ
201 1616 266 1707 άρα
290 1623 415 1705 πρίσμα
437 1616 475 1685 τὸ
500 1615 694 1684 άνασταθὲν
717 1614 783 1684 άπδ
807 1623 867 1685 τού
891 1624 1024 1685 ΑΒΓΔ
1046 1645 1157 1708 τετρα-

138 1724 253 1811 γώνου
276 1723 413 1803 ἰσοϋψὲς
435 1726 480 1815 τῷ
504 1726 673 1813 κυλίνδρῳ
697 1722 809 1809 μεῖζόν
834 1726 901 1791 ἐστι
927 1728 988 1792 τοῦ
1011 1725 1157 1811 ἡμίσεως

91 1854 119 1903 ιο
138 1835 199 1901 τοῦ
221 1833 413 1917 κυλίνδρου.
458 1828 701 1916 τετμήσθωσαν
724 1832 762 1895 αἰ
782 1837 864 1915 ΑΒ,
888 1835 965 1915 ΒΓ,
988 1837 1065 1918 ΓΔ,
1090 1840 1158 1899 ΔΑ

137 1941 345 2025 περιφέρειαι
373 1940 449 2023 δίχα
476 1935 560 2003 κατὰ
587 1933 627 2002 τά
656 1941 700 2020 Ε,
729 1942 771 2021 Ζ,
801 1942 852 2020 Η,
880 1943 908 2003 (θ
936 1950 1072 2024 σημεῖα,
1100 1939 1157 2006 καλ

138 2044 391 2131 ἐπεζεύχθωσαν
409 2046 447 2110 αἰ
463 2050 545 2125 ΑΕ,
569 2049 646 2126 ΕΒ,
666 2049 744 2127 ΒΖ,
765 2048 840 2125 ΖΓ,
859 2048 943 2128 ΓΗ,
964 2050 1052 2128 ΗΔ,
1073 2051 1156 2131 ΔΘ,

138 2158 215 2218 ΘΑ·
236 2152 293 2218 καὶ
311 2153 452 2218 ’ἕκαστον
472 2149 537 2236 ίίρα
556 2153 625 2217 τών
644 2156 759 2233 ΑΕΒ,
781 2155 890 2233 ΒΖΓ,
910 2155 1031 2235 ΓΗΔ,
1053 2158 1157 2218 ΔΘΑ

137 2257 312 2344 τριγώνων
345 2256 458 2342 μεῖζόν
491 2258 581 2324 έστιν
609 2251 630 2341 ή
659 2254 696 2323 τὸ
725 2253 828 2341 ήμισυ
855 2259 917 2322 τοῦ
944 2256 1023 2322 καθ’
1054 2256 1156 2326 ἑαυτὸ

84 2384 118 2433 20
136 2363 305 2450 τμήματος
318 2367 379 2430 τοῦ
390 2368 524 2429 ΑΒΓΔ
537 2362 674 2448 κύκλου,
689 2359 734 2442 ώς
748 2367 940 2450 ἔμπροσθεν
951 2365 1157 2450 ἐδείκνυμεν.

137 2468 306 2538 ἀνεστάτω
326 2466 379 2554 ἐφ’
402 2467 544 2536 ἑκάστου
562 2473 631 2537 τών
646 2475 764 2555 ΑΕΒ,
783 2475 894 2554 ΒΖΓ,
915 2475 1031 2554 ΓΗΔ,
1052 2477 1157 2538 ΔΘΑ
1230 2530 1233 2534 ,

136 2575 310 2662 τριγώνων
333 2580 501 2663 πρίσματα
525 2578 650 2661 ἰσοῦψή
669 2579 715 2667 τῷ
734 2580 916 2667 κυλίνδρῳ·
939 2577 995 2644 καὶ
1014 2577 1157 2646 ἕκαστον

14 2693 17 2697 ’
136 2681 203 2766 ἄρα
226 2686 293 2750 τών
317 2677 578 2748 ἀνασταθέντων
601 2680 796 2768 πρισμάτων
819 2681 932 2768 μεῖζόν
955 2683 1046 2750 ἐστιν
1069 2678 1091 2769 ή
1115 2681 1155 2753 τὸ

76 2844 80 2849 .
136 2789 240 2875 ἥμισυ
263 2789 362 2877 μέρος
383 2792 446 2856 τοῦ
468 2785 547 2855 καθ’
573 2787 673 2856 ἑαυτὸ
692 2789 860 2875 τμήματος
878 2792 939 2856 τοῦ
957 2794 1156 2878 κυλίνδρου,

83 2912 116 2960 25
137 2895 312 2982 ἐπειδήπερ
336 2892 397 2963 ἐάν
420 2891 476 2961 διά
499 2897 568 2961 τών
591 2902 636 2978 Ε,
664 2901 707 2978 Ζ,
734 2899 784 2980 Η,
808 2901 837 2961 Θ
860 2900 1006 2981 σημείων
1029 2904 1156 2984 παραλ-

136 3000 258 3087 λήλους
281 3016 353 3082 ταῖς
375 3007 456 3085 ΑΒ,
480 3006 558 3086 ΒΓ,
582 3005 659 3085 ΓΔ,
684 3009 755 3067 ΔΑ
776 2998 970 3087 άγάγωμεν,
993 3003 1049 3070 καὶ
1073 3023 1155 3090 συμ-

136 3107 362 3193 πληρώσωμεν
390 3104 430 3173 τά
460 3107 604 3174 ἐπὶτῶν
629 3113 709 3192 ΑΒ,
738 3113 810 3191 ΒΓ,
839 3113 915 3195 ΓΔ,
944 3115 1009 3175 ΔΑ
1032 3116 1157 3195 παραλ-

135 3290 348 3298 --—--—--

207 3397 230 3442 1.
251 3387 320 3444 έστω
340 3407 366 3457 q.
422 3395 446 3444 4.
467 3385 536 3461 ἐστι]
553 3356 652 3460 (μώαε)
667 3387 743 3445 ἔσται
763 3409 796 3459 q;
816 3385 891 3444 ἐστιν
909 3391 941 3445 Β.
1001 3397 1026 3446 5.
1046 3390 1153 3462 ἰσουψῆ

134 3455 233 3526 στερεά
249 3461 346 3515 Theon
362 3459 471 3529 (BVq),
517 3461 672 3533 πρίσματα]
693 3478 746 3517 om.
766 3480 792 3530 q.
843 3460 961 3533 ἰσουψῆ]
981 3478 1036 3518 om.
1055 3464 1156 3520 Theon

133 3530 242 3601 (BVq).
353 3538 377 3585 6.
397 3528 430 3586 δέ
450 3563 482 3572 -
502 3534 782 3605 παραλληλεπίπεδα]
809 3528 866 3602 ἄρα
888 3535 1031 3603 πρίσματα
1055 3535 1156 3591 Theon
