2468 3952
567 652 629 724 XI.

462 824 736 891 Definitiones.

160 969 187 1030 1.
212 965 356 1031 Solidum
380 970 443 1050 est,
474 966 559 1050 quod
581 966 818 1052 longitudinem
843 971 875 1032 et
897 969 1102 1035 latitudinem

87 1076 122 1137 et
146 1072 352 1137 altitudinem
374 1073 482 1138 habet.

158 1179 188 1244 2.
211 1178 383 1244 Terminus
407 1183 514 1244 autem
541 1180 637 1244 solidi
661 1181 846 1266 superficies
870 1186 927 1246 est.

157 1286 186 1350 3.
219 1284 321 1350 Recta
350 1285 389 1349 ad
417 1287 549 1368 planum
579 1286 852 1370 perpendicularis
885 1292 947 1372 est,
979 1288 1036 1353 ubi
1064 1288 1105 1353 ad

87 1413 202 1456 omnes
230 1394 337 1455 rectas
366 1413 437 1456 eam
465 1396 639 1476 tangentes
668 1396 701 1457 et
728 1395 762 1458 in
790 1394 889 1478 plano
912 1395 969 1458 illo
993 1395 1104 1460 ductas

88 1502 196 1563 rectos
221 1497 359 1581 angulos
383 1498 491 1562 efficit.

157 1606 187 1668 4.
206 1602 343 1667 Planum
365 1603 405 1668 ed
419 1604 553 1688 planum
568 1604 834 1689 perpendiculare
849 1610 908 1691 est,
926 1608 982 1673 ubi
996 1612 1104 1673 rectae

87 1709 130 1774 ad
153 1731 356 1775 communem
379 1710 556 1775 sectionem
579 1711 750 1794 planorum
768 1712 1050 1795 perpendiculares
1069 1715 1102 1778 in

87 1815 244 1880 alterutro
268 1818 440 1901 planorum
465 1818 579 1882 ductae
599 1817 639 1882 ed
659 1818 796 1881 alterum
815 1818 947 1900 planum
966 1840 1102 1902 perpen-

87 1920 246 1987 diculares
271 1927 354 1988 sunt.

154 2028 183 2094 5.
207 2029 327 2093 Rectue
351 2030 544 2113 adplenum
563 2029 731 2094 inclinatio
752 2031 814 2108 est,
837 2029 892 2093 ubi
914 2031 954 2094 ab
974 2030 1103 2096 eleuato

87 2134 228 2199 termino
252 2139 360 2200 rectae
385 2135 425 2200 ad
448 2136 581 2220 planum
605 2135 881 2220 perpendicularis
906 2135 1047 2220 ducitur,
1071 2141 1103 2201 et

86 2241 127 2304 ab
157 2244 277 2323 puncto
301 2241 348 2305 ita
377 2245 448 2306 orto
473 2241 513 2306 ad
537 2242 712 2306 terminum
736 2245 844 2306 rectae
867 2242 901 2306 in
924 2242 1023 2325 plano
1047 2264 1102 2326 po·

86 2347 188 2411 situm
210 2351 301 2412 recta
324 2347 464 2431 ducitur,
494 2348 633 2432 angulus
657 2369 676 2411 a
699 2351 787 2411 recta
810 2346 857 2410 ita
886 2345 981 2411 ducta
1005 2350 1037 2411 et
1061 2348 1101 2412 ab

85 2455 193 2517 erecta
217 2454 476 2538 comprehensus.

154 2560 183 2623 6.
212 2557 307 2623 Plani
324 2560 375 2643 ‚ad
403 2560 536 2643 planum
561 2561 727 2626 inclinatio
752 2563 802 2626 est
825 2559 963 2644 angulus
988 2562 1101 2624 acutus

86 2665 336 2750 comprehensus
351 2689 370 2730 a
384 2667 481 2731 rectis
496 2667 531 2730 in
545 2671 682 2752 utroque
692 2668 788 2751 plano
800 2665 840 2732 ad
851 2664 935 2729 idem
945 2669 1101 2749 punctum

85 2771 406 2855 perpendicularibus
430 2772 470 2836 ed
494 2795 699 2838 communem
723 2772 899 2837 sectionem
923 2771 1038 2837 ductis.

85 2980 122 3016 m.
139 2967 167 3015 1:
186 2982 227 3032 γρ.
244 2959 434 3037 ὑποκειμένῳ,
453 2963 475 3016 F
489 2983 543 3035 mg.
560 2984 596 3021 m.
614 2971 641 3017 1:
660 2985 701 3034 γρ.
718 2960 749 3019 ἐν
763 2966 801 3035 τῷ
817 2960 901 3036 αὐτῷ.
930 2970 1012 3016 ποιεῖ
1021 2963 1052 3030 F,
1072 2966 1101 3018 et

84 3031 119 3099 P,
139 3049 209 3089 corr.
224 3051 259 3088 m.
275 3040 299 3088 2.
355 3041 379 3088 9.
395 3032 508 3103 πρός-
520 3043 560 3091 10.
577 3031 732 3106 ἐπιπέδων]
747 3053 803 3104 mg.
817 3053 852 3088 m.
871 3034 928 3088 lV.
991 3037 1032 3086 10.
1047 3034 1099 3104 τῷ]

84 3103 186 3176 καὶτῷ
201 3104 235 3171 V,
254 3105 306 3159 καί
318 3121 401 3172 supra
415 3121 467 3165 scr.
482 3125 518 3160 m.
534 3113 549 3161 2
564 3108 593 3161 F.
655 3112 695 3159 12.
712 3101 842 3230 εὐθείαὲ]
858 3124 903 3166 -ας
917 3104 982 3174 post
995 3103 1047 3159 ins.
1062 3123 1099 3157 m.

85 3173 139 3229 1Ρ.
185 3170 726 3248 εὐθείας-17.ἕφεστώσης]ΜΒ,
746 3194 799 3232 om.
842 3176 868 3231 b.
925 3180 966 3231 15.
988 3170 1099 3246 inlrd]

83 3244 115 3315 P,
134 3238 191 3299 ἀπὸ
208 3246 257 3300 τοῦ
272 3245 295 3298 Β
311 3247 371 3316 (sed
386 3251 474 3316 corr),
489 3247 518 3301 in
532 3266 585 3303 ras.
600 3247 633 3315 V,
648 3265 684 3304 m.
699 3265 752 3302 rec.
768 3247 798 3301 P.
854 3244 953 3318 πέρας]
968 3246 999 3314 Ρ,
1014 3244 1100 3314 πέρα-

83 3335 130 3378 τος
148 3316 171 3369 Β
190 3317 251 3384 (sed
270 3319 359 3387 coru),
379 3333 394 3371 e
409 3334 477 3373 corr.
493 3319 527 3388 V,
545 3337 581 3372 m.
597 3335 651 3373 rec.
666 3318 696 3371 P.
760 3324 801 3372 19.
818 3313 909 3388 ὀξεῖα]
925 3335 978 3372 om.
994 3317 1020 3371 V
1034 3320 1097 3386 (ras.

84 3390 127 3441 est
141 3394 157 3442 8
171 3387 247 3456 lits).
303 3394 345 3443 20.
360 3389 428 3444 Post
442 3390 511 3461 τομῇ
528 3388 649 3460 spatium
668 3394 685 3441 4
703 3388 759 3442 litt.
779 3387 949 3458 relinquitur
966 3389 996 3442 in
1014 3388 1044 3444 F.

83 3462 139 3511 τῶν
164 3453 319 3530 ἐπιπέδων]
348 3475 417 3514 corr.
437 3477 470 3514 ex
489 3462 537 3528 τῆς
557 3455 693 3514 ἐπιπέδου
713 3478 749 3514 m.
771 3466 784 3512 1
805 3459 832 3513 b.

902 3545 939 3600 1*
