2468 3952
108 178 175 243 352
505 176 688 226 mmm
706 177 727 226 1.

108 318 170 400 λάξ
193 316 238 398 ὦς
260 315 281 403 ἡ
306 320 372 392 ΛΞ
391 316 476 402 πρὸς
498 314 561 401 τὴν
583 318 662 401 ΞΟ,
686 313 792 393 οὕτως
815 312 835 400 ἡ
859 318 947 382 ΛΜ
964 312 1057 400 πρὸς
1078 340 1134 400 την

111 430 187 491 ΟΠ.
239 429 360 509 μείζων
389 422 427 490 δὲ
454 421 474 509 ἡ
500 426 566 497 ΛΞ
589 425 649 509 τῆς
670 426 746 497 ΞΟ·
777 425 901 508 μείζων
927 421 1003 509 ἄρα
1033 419 1132 506 ναίὴ

110 537 190 597 ΛΜ
208 540 266 615 τῆς
291 536 367 597 ΟΠ.
412 527 497 596 άλίὰ
521 526 542 614 ἡ
566 535 649 596 ΛΜ
666 531 707 617 τῇ
730 534 799 595 ΑΓ
817 528 910 596 ἐστιν
934 535 1014 614 ἴση·
1038 523 1132 613 ναίὴ

109 642 179 704 ΑΓ
196 638 263 724 ἄρα
285 640 344 722 τῆς
369 642 437 704 ΟΠ
460 638 529 704 ἐστι
552 641 681 723 μείζων.
719 635 787 703 ἐπεὶ
811 626 875 701 οὖν
900 633 968 702 δύο
995 637 1038 701 αἴ
1057 640 1132 718 AB,

74 748 175 810 5131*
199 742 263 810 δύο
291 756 362 822 ταῖς
393 746 469 827 ΟΞ,
501 744 574 819 ΞΠ
598 750 669 809 ἴσαι
697 740 784 809 εἴσίν
809 741 950 829 ἑκατέρα
984 740 1132 829 ἑκατέρᾳ,

108 850 163 915 καὶ
187 848 285 935 βάσις
307 847 328 935 ἡ
348 854 417 916 ΑΓ
435 847 566 935 βάσεως
586 858 646 934 τῆς
665 854 738 915 ΟΠ
756 852 876 934 μείζων
896 849 1006 934 ἐστίν,
1030 852 1131 934 γωνία

108 956 175 1042 ἄρα
199 953 218 1041 ἡ
242 953 309 1023 ὑπὸ
328 961 433 1023 ΑΒΓ
450 961 575 1040 γωνίας
597 959 656 1042 τῆς
677 950 744 1022 ὑπὸ
765 955 868 1029 ΟΞΠ
886 957 1016 1039 μείζων
1035 953 1129 1021 ἐστίν.

109 1058 233 1148 ὁμοίως
261 1060 304 1148 δὴ
334 1057 397 1130 κᾶν
424 1059 486 1148 τὴν
510 1066 572 1137 ΞΡ
597 1070 676 1148 ἴσην
703 1060 841 1148 ἑκατέρᾳ
863 1062 933 1127 τῶν
955 1060 1041 1145 ΞΟ,
1068 1061 1132 1136 ΞΠ

109 1165 332 1254 ἀπολάβωμεν
359 1169 415 1235 καὶ
442 1167 660 1254 ἐπιζεύξωμεν
687 1166 749 1254 τὴν
774 1172 848 1249 ΟΡ,
876 1167 1053 1252 δείξομεν,
1083 1165 1129 1233 ὅτι

75 1274 166 1341 οκαί
193 1271 213 1359 ἡ
242 1272 308 1342 ὑπὸ
328 1279 436 1341 ΗΘΚ
462 1279 569 1360 γωνία
595 1275 654 1359 τῆς
675 1270 741 1340 ὑπὸ
766 1275 863 1348 ΟΞΡ
881 1277 1008 1358 μείζων
1034 1272 1128 1340 ἐστίν.

110 1380 300 1447 συνεστάτω
324 1380 367 1467 δὴ
391 1379 476 1467 πρὸς
496 1384 537 1468 τῇ
561 1382 628 1456 ΛΞ
648 1376 767 1467 εὐθείᾳ
788 1377 844 1445 καὶ
866 1380 912 1468 τῷ
936 1375 1028 1462 πρὸς
1050 1373 1128 1466 αὐτῇ

111 1490 235 1576 σημείῳ
267 1488 313 1574 τῷ
341 1490 372 1561 Ξ
400 1490 441 1576 τῇ
472 1487 534 1574 μὲν
565 1486 632 1554 ὑπὸ
662 1492 766 1553 ΑΒΓ
789 1490 897 1575 γωνίᾳ
926 1492 984 1571 ἴση
1018 1481 1041 1571 ἡ
1067 1481 1128 1552 ὑπὸ

110 1594 224 1679 ΛΞΣ,
246 1596 286 1681 τῇ
310 1593 348 1661 δὲ
370 1591 436 1661 ὑπὸ
455 1600 566 1661 ΗΘΚ
587 1601 642 1678 ἴση
665 1590 686 1678 ἡ
705 1589 771 1660 ὑπὸ
790 1593 903 1677 ΛΞΤ,
926 1589 985 1658 καὶ
1005 1597 1128 1659 κείσθω

110 1698 246 1784 ἑκατέρα
268 1703 337 1768 των
359 1703 438 1785 ΞΣ,
461 1704 492 1776 Ξ
498 1708 529 1767 Τ
545 1705 585 1789 τῇ
610 1702 673 1775 ΟΞ
693 1707 768 1785 ἴση,
795 1698 851 1765 καὶ
874 1696 1128 1785 ἐπεζεύχθωσαν

75 1807 148 1871 bal
174 1812 257 1890 ΟΣ,
292 1812 370 1891 OT,
397 1813 472 1873 ΣΤ.
522 1807 578 1873 καὶ
606 1806 676 1874 ἐπεὶ
704 1804 768 1873 δύο
797 1808 834 1872 αί
859 1811 941 1890 AB,
974 1811 1048 1873 ΒΓ
1070 1805 1128 1873 δάν

108 1924 181 1992 ταῖς
204 1914 277 1998 ΟΞ,
301 1914 369 1990 ΞΣ
389 1920 458 1980 ἴσαι
481 1917 580 1996 είσίν,
602 1912 658 1978 καί
680 1915 787 1998 γωνία
809 1908 831 1997 ἡ
853 1907 919 1978 ὑπὸ
941 1917 1054 1979 ΑΒΓ
1070 1937 1129 1999 γω·

110 2024 168 2109 νίᾳ
189 2022 229 2108 τῇ
252 2017 318 2088 ὑπὸ
343 2021 444 2095 ΟΞΣ
465 2027 535 2104 ἴση,
558 2018 657 2103 βάσις
679 2019 746 2105 ἄρα
769 2015 790 2105 ἡ
814 2025 886 2101 ΑΓ,
908 2019 1089 2087 τουτέστιν
1109 2015 1128 2104 ἡ

110 2133 200 2211 ΛΜ,
227 2125 326 2212 βάσει
352 2130 392 2214 τῇ
418 2132 486 2193 ΟΣ
511 2126 601 2192 ἐστιν
631 2133 696 2210 ἴση.
743 2121 799 2191 διὰ
825 2121 866 2191 τὰ
894 2119 982 2191 αὐτὰ
1008 2124 1054 2212 δὴ
1077 2124 1128 2193 καί

108 2229 128 2318 ἡ
149 2239 225 2300 AN
242 2236 282 2321 τῇ
311 2239 378 2300 OT
397 2240 452 2318 ἴση
477 2235 576 2300 ἐστίν.
621 2232 678 2299 καὶ
701 2231 771 2299 ἐπεὶ
795 2229 857 2298 δύο
881 2231 920 2297 αί
940 2237 1038 2316 ΜΛ,
1063 2237 1132 2300 AN

75 2356 91 2403 0
112 2336 174 2404 δύο
198 2351 270 2417 ταῖς
288 2344 370 2422 ΣΟ,
391 2344 459 2404 OT
477 2347 547 2405 ἴσαι
567 2342 664 2425 εἰσίν,
685 2337 740 2404 καί
763 2342 872 2423 γωνία
889 2333 910 2423 ἡ
929 2335 997 2405 ὑπὸ
1018 2343 1132 2406 ΜΛΝ

108 2446 233 2529 γωνίας
255 2448 313 2529 πῆς
335 2442 402 2512 ὑπὸ
421 2451 527 2512 ΣΟΤ
545 2448 664 2531 μείζων
684 2446 786 2528 ἐστίν,
808 2442 907 2529 βάσις
925 2441 992 2530 ἄρα
1013 2441 1037 2532 ἡ
1057 2451 1128 2514 ΜΝ

108 2546 236 2635 βάσεως
258 2553 316 2635 τῆς
339 2556 411 2616 ΣΤ
432 2557 553 2637 μείζων
580 2553 679 2619 ἐστίν.
728 2548 813 2618 άίλά
839 2548 860 2637 ἡ
882 2556 968 2618 ΜΝ
995 2555 1039 2639 τῇ
1064 2557 1128 2618 ΔΖ

108 2657 199 2723 ἐστιν
223 2663 293 2741 ἴση·
316 2657 371 2723 καί
394 2654 415 2742 ἡ
437 2664 505 2725 ΔΖ
527 2654 593 2745 ἄρα
616 2660 674 2742 τῆς
693 2663 764 2723 ΣΤ
782 2662 902 2743 μείζων
922 2658 1024 2725 ἐστίν.
1059 2656 1126 2726 ἐπεὶ

109 2754 172 2830 οὖν
200 2762 263 2831 δύο
292 2765 330 2829 αί
356 2771 439 2848 ΔΕ,
467 2770 530 2831 ΕΖ
553 2763 616 2831 δύο
639 2775 712 2843 ταῖς
735 2765 813 2849 ΣΞ,
841 2765 908 2839 ΞΤ
931 2771 1004 2830 ἴσαι
1028 2768 1125 2850 εἰσίν,

73 2869 163 2936 ὁκαὶ
190 2868 287 2955 βάσις
314 2866 335 2955 ἡ
360 2876 425 2937 ΔΖ
448 2869 577 2955 βάσεως
598 2873 657 2956 τῆς
675 2876 746 2937 ΣΤ
764 2873 900 2955 μείζων,
928 2875 1039 2955 γωνία
1063 2869 1126 2956 ἄρα

108 2973 128 3062 ἡ
153 2974 219 3044 ὑπὸ
240 2985 273 3043 Λ
279 2983 341 3042 ΕΖ
363 2980 488 3062 γωνίας
510 2987 569 3063 τῆς
590 2973 656 3045 ὑπὸ
677 2978 743 3053 ΣΞ
750 2983 780 3043 Τ
794 2982 914 3063 μείζων
934 2978 1036 3044 ἐστίν.
1072 2985 1125 3063 ἴση

109 3083 146 3151 δὲ
172 3081 193 3170 ἡ
221 3079 288 3151 ὑπὸ
312 3084 415 3158 ΣΞΤ
436 3095 508 3163 ταῖς
530 3080 596 3150 ὑπὸ
621 3089 735 3167 ΑΒΓ,
767 3089 876 3151 ΗΘΚ.
924 3079 1037 3170 ἡάρα
1060 3081 1125 3152 ὑπὸ

109 3197 211 3257 ΔΕΖ
233 3193 302 3257 τῶν
325 3186 390 3257 ὑπὸ
414 3195 523 3275 ΑΒΓ,
547 3197 654 3257 ΗΘΚ
676 3194 795 3277 μείζων
819 3191 919 3257 ἐστίν.
960 3184 1047 3258 ἀλλὰ
1072 3189 1127 3258 καὶ

108 3296 266 3364 ἐλάττων·
291 3296 371 3385 ὅπερ
396 3293 574 3365 ἀδύνατον.

180 3401 228 3494 ι)-
223 3401 274 3507 ζῆα
294 3438 363 3509 zo]
384 3440 441 3497 ωο
460 3438 491 3493 V.
603 3439 894 3509 ατηννμωφ.
1009 3441 1125 3521 mr]

110 3508 155 3557 ΓΑ
173 3508 203 3563 Ρ.
285 3511 386 3579 μείζων
407 3507 479 3579 ἐστί,
506 3510 555 3564 sed
575 3507 637 3565 ἐστί
656 3527 741 3580 supra
759 3526 820 3580 scr„
839 3510 869 3565 F.
962 3515 987 3568 6.
1008 3513 1127 3585 μείζων]
