2468 3952
499 205 681 257 APPENDIX
700 208 735 258 11.
1058 207 1124 272 405

105 369 205 430 τερον
232 342 315 430 πρὸς
343 349 485 413 ἔλασσον
514 342 547 413 τί
580 354 629 431 A,
657 347 713 414 καὶ
741 346 962 434 ἐγγεγράφθω
991 353 1038 430 είς
1065 348 1125 418 τὸν

106 457 244 518 ΕΖΗΘ
265 452 391 520 κύκλον
414 451 625 540 τετράγωνον
647 452 686 520 τὸ
706 461 857 539 ΕΖΗΘ,
880 455 936 521 καί
955 451 1125 523 ἀνεστάτω

105 553 172 624 άπὸ
187 561 248 624 τού
263 564 399 625 ΕΖΗΘ
411 559 623 644 τετραγώνου
638 560 784 646 πυραμὶς
799 559 942 647 ίσουψὴς
957 571 1004 651 τῷ
1018 560 1125 652 κώνφ.

106 658 126 747 ἡ
157 659 222 747 άρα
250 660 457 750 ἀνισταμένη
485 665 631 751 πυραμὶς
659 666 772 751 μεῖζόν
801 668 892 734 ἐστιν
915 663 936 753 ἢ
961 665 999 734 τὸ
1023 663 1126 753 ἥμισυ

105 773 168 836 τοῦ
186 767 306 836 κώνου.
337 769 579 856 τετμήσθωσαν
599 774 636 837 αί
647 778 728 858 ΕΖ,
749 779 830 858 ΖΗ,
849 780 888 840 Η
890 780 933 859 Θ,
953 780 1019 841 ΘΕ
1034 798 1126 861 περι-

107 875 238 962 φέρειαι
257 877 334 961 δίχα
352 873 437 941 κατά
456 878 496 942 τὰ
510 878 553 961 Ξ,
578 882 621 959 0,
640 884 690 962 Π,
709 884 740 943 Ρ
755 892 885 964 σημεῖα,
904 880 960 946 καί
980 879 1127 967 ἐπεζεύχ-

106 989 226 1049 θωσαν
249 983 287 1047 αί
308 984 385 1066 ΕΞ,
414 985 489 1068 ΞΖ,
519 989 596 1068 ΖΟ,
621 991 703 1069 ΘΗ,
731 991 821 1069 ΗΠ,
844 992 927 1071 ΠΘ,
952 992 1025 1072 ΘΡ,
1050 980 1153 1073 ΡΕ,1

106 1088 162 1155 καὶ
184 1084 354 1155 ἀνεστάτω
378 1085 437 1174 ἀφ’
467 1088 611 1157 ἑκάστου
636 1093 704 1157 τών
728 1092 805 1175 ΕΞ,
833 1093 909 1176 ΞΖ,
938 1094 1014 1177 Ζί),
1044 1099 1126 1178 ΟΗ,

107 1201 196 1279 ΗΠ,
226 1201 311 1279 ΗΘ,
340 1200 414 1280 ΘΡ,
447 1200 510 1261 ΡΕ
534 1197 708 1282 τριγώνων
736 1197 882 1284 πυραμὶς
911 1196 1053 1284 ίσουφὴς
1080 1203 1126 1289 τῷ

106 1298 214 1392 κώνῳ.
255 1299 375 1386 ἑκάστη
400 1299 466 1386 άρα
488 1304 558 1368 τῶν
580 1299 816 1388 άνεσταμένων
840 1308 1040 1390 πυραμίδων
1059 1309 1128 1390 μεί

108 1413 173 1488 ζων
196 1407 287 1474 ἐστὶν
310 1403 332 1492 ἢ
360 1406 397 1474 τδ
422 1404 526 1493 ἥμισυ
548 1411 609 1474 τού
632 1406 711 1474 καθ’
745 1405 852 1495 αὑτὴν
873 1408 1043 1496 τμήματος
1065 1413 1127 1478 τού

107 1511 228 1581 κώνου.
265 1512 421 1599 τοιαύτης
444 1512 485 1601 δὴ
511 1514 691 1600 γινομένης
709 1512 762 1581 ἀεὶ
781 1516 982 1596 ἐπισκέψεως
996 1513 1127 1602 ληφθή-

108 1625 204 1688 σεταί
230 1645 306 1687 τινα
337 1618 490 1706 τμήματα
520 1617 586 1687 άπὸ
619 1624 680 1687 τού
714 1618 796 1688 ὅλον
823 1620 951 1707 κώνου,
985 1617 1006 1688 δ
1035 1627 1127 1690 ἔσται

108 1725 274 1794 ἐλάσσονα
297 1730 359 1793 τοῦ
382 1735 414 1793 Α
438 1730 584 1813 στερεοῦ.
630 1725 874 1814 λελήφθωκαὶ
903 1727 1049 1795 ἔστωτὰ
1074 1727 1127 1796 ἐπὶ

107 1836 175 1901 τών
191 1835 300 1918 ΕΞΖ,
321 1839 436 1918 ΖΟΗ,
456 1839 495 1899 Η
497 1840 579 1917 ΠΘ,
600 1839 704 1901 ΘΡΕ.
740 1832 839 1919 λοιπὴ
854 1832 920 1920 άρα
934 1830 955 1920 ἡ
970 1840 1126 1921 πυραμίς,

108 1929 148 2024 ἧς
170 1937 347 2024 βασιςμέι
366 1941 435 2006 ἐστι
453 1937 491 2005 ιι
511 1941 898 2013 πωτκοαιιιιονιι
914 1939 1127 2027 πολύγωνον,

108 2043 241 2132 κορυφὴ
266 2044 303 2111 δὲ
326 2041 363 2111 τὸ
384 2050 422 2111 Ν
442 2037 595 2129 σημείου,
620 2042 732 2128 μεῖζόν
756 2045 825 2111 ἐστι
848 2049 909 2112 τοῦ
928 2055 960 2113 Α
980 2051 1127 2134 στερεοῦ.

109 2148 330 2237 ἐγγεγράφθω
350 2152 397 2229 είς
416 2152 476 2218 τὸν
491 2156 625 2217 ΑΒΓΔ
642 2149 769 2218 κύκλον
782 2154 828 2242 τῷ
843 2155 1129 2228 ΕΞΖΟΗΠΘΡΕ

107 2258 294 2348 πολυγώνῳ
319 2254 440 2342 ὅμοιόν
462 2282 497 2323 τε
520 2256 721 2342 πολύγωνον
739 2256 777 2325 τὸ
797 2266 899 2326 ΑΕΒ
909 2265 1127 2346 ΤΓΥΔΦΑ,

108 2363 163 2430 καλ
178 2360 348 2430 άνεστάτω
362 2360 429 2430 άπδ
445 2366 505 2429 τού
520 2368 773 2430 ΑΣΒΤΓΥΔΦ
785 2363 988 2450 πολυγώνου
1001 2372 1127 2454 πρίσμα

110 2468 249 2550 ἰσουψὲς
267 2473 313 2560 τῷ
332 2468 446 2559 κώνφ,
470 2468 525 2534 καλ
544 2473 612 2537 τῶν
631 2469 693 2555 μὲν
711 2467 936 2557 περιεχόντων
949 2469 1012 2557 τὴν
1026 2495 1128 2560 πυρα·

108 2580 204 2662 μίδα,
224 2567 264 2661 ἧς
286 2573 383 2660 βάσις
402 2576 463 2662 μέν
482 2573 602 2644 ἔστιτὸ
618 2580 859 2643 ΑΕΒΤΓΤΔ
870 2582 901 2643 Φ
914 2578 1128 2662 πολύγωνον,

107 2681 240 2768 κορυφὴ
261 2681 299 2748 δὲ
316 2708 353 2749 το
369 2689 401 2748 Λ
420 2695 570 2767 σημεῖον,
590 2687 756 2768 τρίγωνον
771 2681 939 2769 ἐφεστάτω
954 2682 991 2750 τδ
1008 2690 1126 2769 ΛΣΒ,

107 2792 175 2856 τῶν
200 2787 236 2856 δὲ
259 2786 484 2874 περιεχόντων
506 2787 570 2873 τὴν
593 2790 776 2876 πυραμίδα,
799 2779 840 2874 ἧς
862 2787 959 2873 βάσις
978 2791 1039 2875 μέν
1058 2790 1128 2857 ἐστι

107 2893 146 2961 τὸ
171 2896 416 2970 ΕΞΟΗΠΘΡ
435 2891 646 2979 πολύγωνον,
670 2891 802 2982 κορυφὴ
823 2894 860 2962 δὲ
878 2895 915 2962 τὸ
935 2901 971 2962 Ν
988 2909 1127 2981 σημεῖον

109 2999 278 3086 ἐφεστάτω
311 2997 348 3068 τὸ
377 3006 416 3067 Ν
419 3007 446 3065 Ζ
454 3002 484 3076 Ξ
507 3005 690 3087 τρίγωνον,
722 3000 778 3067 καί
811 2999 1063 3087 ἐπεζεύχθωσαν
1091 3004 1129 3068 αί

108 3113 193 3192 ΣΚ,
217 3111 296 3182 ΜΞ.
338 3106 407 3173 ἐπεὶ
431 3105 543 3191 ὅμοιοι
562 3114 665 3173 κώνοι
683 3106 739 3172 καλ
758 3106 939 3193 κύλινδροί
955 3111 1052 3193 εἰσιν,
1077 3097 1127 3175 ών

109 3210 279 3298 άνάλογόν
303 3217 389 3280 είσιν
413 3215 449 3278 οἳ
469 3237 504 3278 τε
527 3209 645 3292 άξονες
662 3213 718 3278 καλ
737 3216 772 3280 οί
789 3214 964 3301 διάμετροι
981 3216 1048 3280 τῶν
1067 3210 1126 3297 βά-

108 3339 210 3403 σεων,
239 3324 329 3386 ἔστιν
358 3316 423 3403 άρα
451 3315 497 3396 ώς
525 3314 546 3402 ἡ
570 3323 636 3383 ΚΛ
658 3341 743 3403 προς
766 3319 829 3405 τὴν
852 3323 947 3405 ΜΝ,
977 3318 1083 3397 οὕτως
1106 3344 1124 3386 ο

108 3431 172 3492 ΒΛ
194 3423 279 3512 πρὸς
297 3421 358 3509 τὴν
378 3429 447 3490 ΖΘ.
485 3419 531 3501 ὡς
553 3421 591 3489 δὲ
614 3420 635 3508 ἡ
655 3430 719 3490 BA
736 3423 820 3514 πρὸς
837 3426 899 3513 τὴν
919 3433 995 3512 ΖΘ,
1020 3421 1127 3503 οὕτως

108 3530 128 3617 ἡ
153 3537 222 3597 ΒΚ
242 3529 326 3617 πρὸς
348 3528 411 3616 τὴν
434 3536 515 3597 ΜΖ.
557 3526 603 3608 ώς
626 3528 692 3616 άρα
714 3528 735 3619 ἡ
759 3539 829 3601 ΚΛ
851 3534 934 3621 πρὸς
956 3530 1019 3620 τὴν
1043 3538 1126 3618 ΚΒ,
