2468 3952
22 146 54 193 ⁸
324 203 601 258 unauamoauu
619 205 729 256 musa
746 205 808 258 nn.
1009 201 1074 268 219

56 368 93 413 se
117 346 268 431 aequales
293 350 377 432 sunt,
400 347 539 432 cylindri
557 351 635 429 ΠΡ,
655 351 728 432 ΡΒ,
750 351 825 412 ΒΗ
843 369 914 413 eam
937 347 1022 412 inter
1041 370 1074 413 se

54 452 220 518 rationem
238 452 362 518 habent
381 476 479 537 quam
497 454 593 518 bases
614 455 719 537 [prop.
738 452 809 534 XI].
846 475 959 518 uerum
978 454 1074 518 bases

54 561 143 625 inter
166 581 200 624 se
220 559 373 642 aequales
393 564 483 643 sunt3
508 581 607 643 quare
627 559 726 623 etiam
744 562 863 623 11P=
875 563 933 623 ΡΒ
946 589 987 612 ==
998 563 1074 624 ΒΗ.
1200 615 1204 622 .

41 667 123 732 iam
148 666 301 750 quoniam
330 687 406 731 axes
429 669 513 750 AN,
541 669 624 748 ΝΕ,
651 669 722 730 ΕΚ
747 666 834 730 inter
862 677 895 729 se
924 665 1074 749 aequales

56 775 148 857 sunt,
172 775 205 836 et
223 772 323 837 etiam
338 771 474 855 cylindri
488 775 528 836 11
529 775 567 855 P,
591 775 664 856 ΡΒ,
683 775 758 836 ΒΗ
766 772 852 836 inter
866 792 900 836 se
915 771 1075 855 aequales,
1102 832 1105 840 .

55 883 91 945 et
108 878 284 944 multitudo
300 877 503 943 multitudini
518 878 662 960 aequalis
677 881 736 956 est,
760 877 888 961 quotics
903 877 1076 960 multiplex

54 988 108 1050 est
140 984 209 1050 axis
239 987 304 1049 ΚΛ
337 982 406 1050 aris
434 987 518 1068 ΕΚ,
550 985 650 1049 toties
683 976 745 1049 erit
778 984 878 1050 etiam
911 983 1074 1068 cylindrus

55 1095 136 1156 ΠΗ
154 1091 292 1175 cylindri
314 1095 383 1156 ΗΒ
407 1091 585 1175 multiplex.
627 1091 739 1155 eadem
762 1091 801 1154 de
825 1112 924 1155 causa
948 1092 1074 1174 quoties

55 1198 126 1263 axis
140 1199 219 1262 MK
234 1196 407 1280 multiplex
425 1200 476 1260 est
493 1196 563 1260 axis
578 1199 659 1277 KZ,
681 1195 780 1261 toties
796 1195 895 1259 etiam
910 1195 1075 1278 cylindrus

54 1306 132 1368 ΧΗ
154 1300 326 1386 multiplex
354 1305 403 1366 est
430 1301 566 1386 cylindri
593 1305 675 1365 HA.
725 1301 816 1396 etsi
843 1303 912 1365 ΚΛ
927 1332 969 1354 =
984 1305 1075 1386 ΚΜ,

55 1408 121 1474 erit
144 1409 245 1474 etiarn
263 1412 343 1472 ΠΗ
353 1439 395 1461 =
409 1412 495 1491 ΗΧ,
520 1409 570 1473 sin
594 1407 663 1472 axis
688 1429 747 1472 axe
770 1407 874 1472 maior
893 1412 951 1492 est,
975 1400 1075 1474 etiain

55 1515 224 1600 cylindrus
253 1514 397 1599 cylindro
427 1516 532 1579 maior
559 1518 622 1598 est,
655 1516 705 1580 sin
731 1517 839 1580 minor
865 1520 928 1599 est,
961 1515 1075 1581 minor.
1210 1528 1212 1533 ⁴

54 1622 123 1687 iam
146 1621 232 1687 datis
261 1623 415 1705 quattuor
438 1621 731 1706 magnitudinibus,
759 1621 874 1686 axibus
898 1624 981 1699 ΕΚ,
1008 1625 1075 1685 ΚΖ

56 1732 90 1793 et
113 1728 266 1813 cylindris
285 1731 366 1810 ΒΗ,
386 1731 420 1794 Η
426 1731 474 1809 Δ,
497 1748 597 1811 aeque
621 1721 816 1810 multiplicia
840 1728 970 1810 sumpta
989 1729 1075 1809 sunt,

56 1835 127 1900 axis
151 1838 221 1899 ΕΚ
244 1814 276 1899 et
298 1837 372 1898 ΒΗ
390 1834 529 1917 cylindri
557 1834 626 1898 axis
650 1836 722 1897 ΛΚ
743 1836 776 1897 et
798 1832 963 1916 cylindrus
986 1835 1074 1925 ΠΗ,

56 1942 260 2007 axis-autem
279 1944 345 2005 KZ
370 1944 402 2005 et
415 1944 489 2005 HA
512 1940 651 2024 cylindri
674 1939 743 2004 axis
757 1942 839 2003 ΚΜ
857 1942 891 2002 et
908 1937 1073 2022 cylindrus

55 2051 98 2112 H
97 2052 132 2112 X
132 2096 140 2126 ‚
172 2051 205 2111 et
234 2046 545 2130 demonstrauimus,
574 2046 602 2110 si
629 2050 694 2110 ΚΛ
708 2055 743 2119 >
757 2047 847 2127 ΚΜ,
876 2065 945 2109 esse
974 2046 1073 2109 etiam
1159 2079 1165 2087 ·

55 2158 136 2218 ΠΗ
144 2163 180 2227 >
194 2157 276 2236 ΗΧ,
310 2153 361 2217 sin
393 2157 458 2217 ΚΛ
473 2181 515 2205 =
529 2154 619 2236 ΚΜ,
656 2173 726 2216 esse
758 2154 837 2215 ΠΗ
847 2181 889 2203 =
904 2154 987 2236 ΗΚ,
1024 2152 1074 2216 sin

56 2263 123 2325 ΚΛ
137 2270 172 2332 <
186 2263 277 2343 ΚΜ,
297 2280 367 2324 esse
381 2264 419 2323 Π
423 2262 463 2322 Η
472 2269 507 2331 <
520 2262 598 2322 ΗΧ.
635 2259 745 2342 itaque
764 2262 853 2323 EK:
868 2261 934 2322 KZ
948 2289 990 2311 =
1005 2263 1080 2324 ΒΗ

57 2369 151 2430 :HA
174 2364 219 2446 [V
242 2364 305 2432 def.
328 2365 379 2448 5]3
403 2364 489 2448 quod
515 2369 585 2429 erat
609 2364 902 2431 demonstrandum.

523 2610 612 2677 XIV.

124 2735 205 2802 (loni
234 2739 267 2802 et
289 2736 438 2821 cylindri,
468 2737 524 2820 qui
548 2736 697 2820 aequales
720 2736 815 2800 bases
838 2735 974 2819 habent,
1002 2757 1073 2799 eam

56 2842 143 2906 inter
165 2865 199 2908 se
221 2844 381 2908 rationem
404 2843 528 2907 habent
551 2864 648 2927 quam
673 2842 872 2908 altitudines.

55 3037 120 3089 AN
135 3035 170 3103 (Λ
192 3052 208 3090 e
232 3052 300 3091 corr.
320 3053 356 3091 m.
377 3042 393 3090 2
412 3035 459 3105 Β),
483 3038 556 3104 ΝΕ,
580 3037 638 3088 ΕΚ
658 3035 696 3104 τῷ
716 3029 822 3104 πλήθει
839 3035 895 3088 τῶν
915 3037 982 3102 ΠΡ,
1008 3037 1072 3100 ΡΒ,

54 3109 117 3160 ΒΗ
132 3105 231 3162 Theon
249 3107 357 3178 (BVq).
445 3111 468 3163 7.
488 3103 546 3176 ἄρα
565 3102 640 3161 ἐστίν
659 3105 714 3176 Bq.
800 3107 867 3177 ΚΑ]
888 3110 946 3160 ΛΚ
961 3105 990 3160 Ρ.

38 3177 125 3249 ἘΚ]
144 3181 201 3232 ΚΕ
213 3177 250 3234 -Ρ,
323 3183 347 3233 8.
367 3175 446 3250 ΗΒ]
467 3181 527 3232 ΒΗ
543 3178 601 3247 Vq.
675 3183 700 3231 9.
720 3172 809 3248 ἐστίν]
830 3173 888 3232 ἐστὶ
906 3177 959 3231 ναί
974 3194 1000 3245 q.

57 3253 100 3301 10.
121 3247 200 3304 ἔσται
217 3248 251 3304 V.
345 3255 386 3304 12.
407 3233 499 3320 ἔσται]
517 3244 579 3303 ἐστί
594 3249 627 3305 V.
715 3254 758 3304 14.
776 3253 827 3303 ΚΛ
846 3243 922 3313 ἄξων
940 3247 991 3302 τοῦ
1010 3251 1078 3302 ΚΜ

54 3315 160 3385 ἄξονος
178 3318 277 3376 Theon
295 3319 403 3390 (BVq).
512 3323 578 3375 ΠΗ
598 3316 747 3387 κύλινδρος
772 3320 822 3374 τοῦ
843 3323 906 3373 ΗΧ
921 3320 1072 3388 κυλίνδρου

55 3391 156 3447 Theon
174 3390 284 3461 (BVq).
395 3396 437 3447 15.
456 3391 530 3446 Ante
550 3387 584 3461 δή
604 3391 659 3446 dcl.
679 3388 733 3462 γάρ
751 3408 788 3446 m.
809 3396 823 3444 1
843 3390 873 3445 Ρ.
981 3386 1073 3447 ὄντων

55 3463 190 3532 μεγεθῶν
209 3463 242 3518 V.
317 3468 358 3517 17.
378 3458 585 3526 πολλαπλάσιος
604 3463 637 3519 V.
710 3468 752 3518 20.
773 3458 788 3516 ὁ
809 3463 886 3533 ΗΧ]
905 3457 923 3530 ἡ
942 3465 971 3516 Χ
987 3480 1014 3532 q.

55 3538 99 3589 21.
119 3538 176 3588 ΛΚ
191 3533 222 3589 P.
296 3538 339 3591 23.
354 3535 414 3597 ἴσος
432 3530 521 3602 ἐστίν,
541 3535 601 3598 ἴσος
614 3534 644 3588 Ρ.
