2468 3952
135 209 203 274 εει
508 205 778 281 nomm,
1191 180 1198 225 ¹

137 356 219 440 δρος
240 351 325 439 πρὸς
346 349 408 418 τὸν
426 358 496 418 ΕΣ
514 349 709 438 κύλινδρον,
734 347 840 428 ούτως
859 346 957 417 5130
974 349 1161 439 κύλινδρος

136 457 221 542 πρὸς
242 457 304 525 τὸν
326 465 403 525 ΕΣ.
440 450 601 540 ίσος”άρα
624 454 642 524 ὁ
662 459 728 532 ΛΞ
748 455 930 540 κύλινδρος
950 459 997 550 τῷ
1019 464 1088 524 EO
1106 483 1159 524 κυ-

137 567 273 653 λίνδρῳ.
320 560 478 642 ὡσαύτως
501 562 539 630 δὲ
566 563 622 629 καί
650 563 794 630 ἐπὶτῶν
817 561 951 631 καίνων·
980 560 1067 652 ὅπερ
1093 567 1159 632 ἔδει

136 670 249 750 δείξαι.
346 704 350 712 ·

99 793 116 844 σ
434 820 438 825 ·
616 776 672 846 ις’.

203 898 287 967 Δύο
320 900 480 968 κύκλων
512 899 600 987 περὶ
632 898 675 967 τὸ
703 897 799 967 αὐτὸ
828 901 998 987 κέντρον
1028 897 1157 968 ὄντων

135 1008 193 1084 είς
214 1003 285 1072 τὸν
308 1010 472 1091 μείζονα
489 1004 635 1073 κύκλον
654 1005 891 1092 πολύγωνον
911 1005 1157 1095 ίσύπλευρόν

133 1136 173 1178 τε
201 1112 265 1178 καὶ
294 1108 588 1198 ἀρτιόπλευρον
616 1113 814 1199 ἐγγράψαι
842 1111 891 1198 μὴ
919 1115 1053 1192 ψαῦον
1084 1116 1157 1181 τού

135 1215 353 1297 ἐλάσσονος
375 1216 535 1285 κύκλου.

83 1344 116 1393 10
194 1314 369 1390 Ἔστωσαν
411 1327 446 1390 οί
482 1322 641 1402 δοθέντες
678 1321 741 1390 δύο
777 1323 896 1390 κύκλοι
933 1324 968 1389 οί
1002 1330 1155 1411 ΑΒΓΔ,

135 1433 271 1494 ΕΖΗΘ
297 1428 373 1514 περὶ
400 1454 438 1497 το
467 1428 550 1497 αὐτὸ
578 1429 719 1516 κέντρον
741 1427 779 1495 τὸ
804 1434 849 1494 Κ·
880 1432 934 1496 δεῖ
955 1427 997 1514 δὴ
1023 1433 1072 1508 είς
1095 1428 1155 1497 τὸν

134 1539 269 1619 μείζονα
291 1533 416 1602 κύκλον
438 1533 499 1604 τὸν
518 1540 653 1602 ΑΒΓΔ
675 1532 876 1621 πολύγωνον
896 1533 1103 1623 ἰσόπλευρόν
1121 1561 1155 1604 τε

133 1638 190 1706 καὶ
222 1636 466 1729 ἀρτιόπλευρον
500 1642 664 1728 ἐγγράψαι
696 1640 741 1727 μὴ
774 1643 887 1722 ψαύον
918 1643 980 1708 τοῦ
1012 1646 1156 1708 ΕΖΗΘ

133 1743 267 1814 κύκλου.

82 1873 114 1922 15
191 1851 310 1940 Ἤχθω
338 1851 404 1941 γάρ
433 1850 490 1920 διά
516 1855 578 1920 τού
606 1859 642 1919 K
669 1853 811 1940 κέντρου
838 1848 956 1920 εύθεϊα
983 1849 1005 1938 ἡ
1033 1859 1155 1940 ΒΚΔ,

56 1970 61 1979 ’
132 1959 188 2027 καὶ
216 1957 281 2028 άπὸ
309 1963 371 2028 τού
399 1966 434 2026 Η
462 1966 600 2045 σημείου
626 1962 666 2047 τῇ
694 1967 759 2027 ΒΔ
786 1958 905 2049 εύθεία
932 1955 1017 2045 πρὸς
1045 1957 1155 2044 ὀρθάς

132 2064 228 2154 ἤχθω
248 2064 351 2152 ἡΗΑ
368 2065 424 2132 καί
444 2064 575 2152 διήχθω
591 2066 644 2133 ἐπὶ
657 2064 695 2133 τὸ
710 2070 751 2132 Γ·
775 2063 880 2150 ἡΑΓ
890 2062 957 2152 άρα
972 2065 1155 2152 ἐφάπτεται

132 2176 192 2239 τού
220 2175 358 2238 ΕΖΗΘ
386 2169 521 2239 κύκλου.
570 2173 747 2257 τέμνοντες
773 2170 815 2257 δὴ
844 2168 907 2256 τὴν
935 2175 1032 2237 ΒΑΔ
1062 2195 1155 2261 περι-

133 2278 272 2363 φέρειαν
303 2281 379 2365 δίχα
402 2278 458 2345 καὶ
481 2276 544 2364 τὴν
568 2275 723 2363 άμίσειαν
746 2274 849 2363 αὐτῆς
873 2281 949 2363 δίχα
972 2276 1028 2343 καὶ
1051 2281 1154 2346 τούτο

79 2405 114 2454 εο
133 2379 184 2450 ιἰεὶ
206 2386 383 2462 ποιοῦντες
406 2388 648 2469 καταλείψομεν
671 2385 887 2471 περιφέρειαν
911 2380 1077 2450 ἐλάσσονα
1095 2394 1155 2471 τῆς

132 2496 206 2555 ΑΛ.
253 2494 430 2575 λελείφθω,
453 2491 509 2557 καί
533 2494 616 2557 ἔστω
639 2486 660 2575 ἡ
684 2496 765 2575 ΛΔ,
788 2489 844 2557 καὶ
868 2486 933 2556 άπὸ
956 2492 1019 2556 τού
1041 2496 1074 2555 Λ
1098 2490 1154 2558 ἐπὶ

131 2593 194 2681 τὴν
218 2602 282 2662 ΒΔ
304 2594 447 2674 κάθετος
469 2594 565 2683 ἤχθω
590 2593 712 2681 ἡΛΜ
729 2595 785 2663 καὶ
808 2597 940 2682 διήχθω
965 2596 1018 2662 ἐπὶ
1040 2595 1079 2664 τὸ
1099 2605 1153 2684 Ν,

131 2701 188 2768 καὶ
211 2699 463 2787 ἐπεζεύχθωσαν
487 2705 524 2768 αί
546 2709 627 2785 ΛΔ,
651 2708 737 2769 ΔΝ·
761 2709 816 2788 ἴση
840 2699 906 2790 άρα
929 2701 1019 2769 ἐστίν
1042 2698 1155 2788 ἡ·ΛΔ

130 2811 170 2895 τῇ
200 2813 282 2874 ΛΝ.
327 2807 382 2873 καὶ
411 2808 480 2875 ἐπεὶ
508 2807 721 2894 παράλληλός
749 2802 839 2875 ἔστιν
867 2806 888 2895 ἡ
912 2814 983 2876 ΛΝ
1010 2811 1049 2896 τῇ
1075 2815 1153 2896 ΑΓ,

79 2933 112 2984 25
131 2911 151 2998 ν’Ι
177 2914 214 2982 δὲ
237 2918 307 2980 ΑΓ
326 2912 506 2999 ἐφάπτεται
527 2918 589 2982 τού
613 2921 750 2982 ΕΖΗΘ
772 2913 915 3000 κύκλου,
941 2911 962 3000 ἡ
989 2920 1065 2981 AN·
1084 2913 1154 3003 άρα

204 3115 227 3165 1.
249 3107 263 3164 ὁ
284 3109 352 3180 ΕΟ]
372 3107 406 3163 δέ
424 3109 526 3163 iuras,
546 3127 582 3163 m.
601 3124 656 3165 rec.
675 3108 709 3162 V.
775 3114 800 3162 2.
820 3107 972 3181 κυλίνδρῳ]
994 3128 1029 3180 -cp
1047 3107 1079 3161 in
1097 3127 1152 3165 ras.

131 3181 165 3235 V.
238 3188 263 3235 3.
284 3176 428 3251 ὡσαύτως]
449 3182 494 3234 δει
512 3181 542 3235 in
560 3197 614 3236 ras.
634 3197 671 3233 m.
690 3196 744 3235 rec.
764 3178 797 3233 V.
871 3174 941 3247 ὅπερ
962 3178 1023 3234 ἔδει
1042 3181 1150 3253 δεῖξαι]

132 3267 186 3306 om.
202 3250 236 3306 V.
292 3254 316 3305 5.
337 3248 398 3322 ις’]
419 3268 473 3307 om.
492 3270 519 3320 q.
580 3257 603 3306 6.
623 3247 746 3323 κύκλων]
766 3251 922 3318 κυλίνδρων
942 3270 968 3320 q.
1024 3249 1152 3319 κέντρων

17 3348 22 3361 ·
130 3321 160 3390 P,
180 3324 229 3378 sed
247 3339 317 3377 corr.
377 3328 402 3377 7.
421 3320 599 3393 πολύγωνον]
619 3338 674 3376 om.
693 3321 726 3376 V.
787 3328 811 3377 8.
830 3326 963 3391 ψαῦσονί
982 3322 1021 3388 V,
1039 3319 1152 3391 ψαύον-

276 3389 1012 3535 κιινττιςινευιιαιι
1028 3388 1150 3517 ιν]

129 3479 306 3604 άτδλυγάνιον
325 3552 351 3601 q.
594 3506 600 3518 ι
647 3507 653 3519 ⁹
883 3503 889 3517 ι
1059 3506 1065 3519 ι
