2468 3952
369 211 644 265 ELEMENTORUM
662 211 771 262 LIBER
788 210 837 263 XI.
1096 208 1114 271 '1

167 357 218 420 17.
241 353 429 420 Diametrus
449 357 560 419 autem
580 354 736 438 sphaerae
755 357 913 418 retracta
933 353 1042 438 aliqua
1057 375 1116 438 per

97 465 246 528 centrum
289 461 385 526 ducta
425 464 458 524 et
498 459 539 524 ad
574 463 745 543 utramque
781 463 910 543 partem
947 460 1115 543 superficie

99 568 259 653 sphaerae
281 566 465 632 terminata.

166 675 217 740 18.
251 671 360 739 Ocnus
388 675 440 738 est
467 672 574 757 figura
601 671 845 755 comprehensa,
878 672 934 736 ubi
962 675 1113 736 manente

97 783 253 847 alterutro
272 780 373 845 latere
387 779 546 865 trianguli
559 777 742 863 rectanguli
755 799 874 862 eorum,
893 800 974 862 quae
988 782 1113 843 rectum

97 889 254 975 angulum
269 886 555 970 comprehendunt,
574 885 758 971 triangulus
773 885 986 950 circumactus
1000 906 1112 948 rursus

96 993 297 1060 adeundam
324 993 432 1057 locum
459 992 656 1075 restituitur,
684 990 768 1055 unde
796 991 875 1055 ferri
898 993 1030 1074 coeptus
1054 994 1113 1055 est.

96 1105 130 1166 et
153 1101 183 1165 si
203 1103 294 1166 recta
316 1119 451 1163 manens
480 1098 622 1182 aequalis
651 1101 701 1163 est
723 1098 866 1181 reliquae
890 1098 932 1162 ad
954 1099 1111 1182 angulum

95 1210 221 1272 rectum
243 1206 383 1289 positae,
408 1225 489 1289 quae
513 1203 756 1288 circumagitur,
780 1225 878 1269 conus
901 1203 1110 1290 rectangulus

95 1312 171 1397 erit,
199 1313 250 1377 sin
272 1312 378 1376 minor
401 1314 463 1394 est,
491 1310 756 1394 obtusiangulus,
783 1310 834 1373 sin
862 1309 980 1394 maior,
1010 1311 1109 1374 acuti-

94 1418 243 1502 angulus.

163 1523 213 1588 19.
249 1521 330 1587 Axis
364 1524 472 1587 autem
504 1522 577 1586 coni
608 1526 698 1586 recta
730 1525 781 1586 est
807 1542 955 1602 manens,
988 1520 1107 1585 circum

96 1653 194 1716 quam
215 1628 401 1712 triangulus
425 1628 664 1712 circumagitur.

161 1736 213 1801 20.
240 1735 336 1800 Basia
360 1737 468 1799 autem
493 1733 630 1799 circulus
654 1737 718 1817 est,
742 1732 797 1816 qui
820 1737 951 1798 erecta
974 1734 1108 1798 circum-

94 1842 168 1907 acta
192 1841 392 1906 describitur.

160 1949 212 2012 21.
236 1945 410 2031 Cylindrus
430 1950 479 2011 est
492 1946 598 2031 figura
613 1944 856 2028 comprehensa,
876 1944 933 2008 ubi
947 1944 1106 2010 alterutro

91 2054 232 2119 laterum
262 2053 560 2138 parallelogrammi
586 2050 770 2136 rectanguli
799 2053 924 2115 rectum
952 2051 1106 2135 angulum

92 2157 433 2244 comprehendentium
451 2160 601 2222 manente
619 2157 961 2240 parallelogrammum
974 2156 1106 2222 circum·

92 2269 199 2332 actum
222 2287 335 2329 rursus
360 2265 399 2329 ad
423 2263 559 2329 eundem
582 2264 690 2329 locum
708 2263 900 2345 restituitur,
924 2263 1008 2327 unde
1026 2262 1108 2327 ferri

92 2375 242 2456 coeptum
266 2374 324 2435 est.

159 2478 210 2542 22.
233 2476 314 2541 Axis
339 2481 448 2541 autem
471 2476 606 2560 cylindri
628 2479 717 2540 recta
741 2479 791 2540 est
814 2495 961 2558 manens,
985 2474 1105 2539 circum

92 2605 189 2668 quam
212 2582 556 2666 parallelogrammum
580 2581 817 2666 circumagitur.

158 2689 210 2754 23.
239 2687 340 2753 Bases
369 2691 478 2753 autem
506 2688 619 2753 circuli
641 2693 729 2771 sunt,
758 2687 814 2772 qui
837 2709 856 2750 a
879 2686 1003 2752 duobus
1027 2688 1104 2753 late-

90 2797 181 2860 ribus
205 2796 291 2859 inter
314 2816 347 2858 se
371 2794 531 2878 oppositis
550 2794 584 2857 in
603 2793 849 2878 circumagendo
869 2792 1103 2859 describuntur.

158 2902 210 2966 24.
233 2898 363 2966 Similes
386 2900 459 2965 coni
482 2902 515 2964 et
538 2899 676 2983 cylindri
700 2903 783 2983 sunt,
811 2922 947 2984 quorum
971 2922 1047 2966 axes
1072 2905 1105 2966 et

90 3007 217 3072 basium
242 3007 390 3073 diametri
413 3006 674 3091 proportionales
698 3010 782 3071 sunt.

90 3272 127 3308 m.
146 3269 200 3307 rec.
219 3251 252 3318 P,
271 3267 325 3305 om.
345 3249 430 3317 Vbrp.
495 3255 520 3304 9.
538 3251 606 3306 Post
624 3246 717 3321 ὀρθήν
736 3251 799 3307 add.
819 3253 926 3322 γωνίαν
944 3250 1053 3307 Peellue
1072 3255 1102 3306 et

89 3323 126 3391 F,
144 3322 194 3378 aed
207 3321 320 3391 punctis
334 3320 389 3375 del.
445 3326 487 3375 10.
501 3315 681 3394 ἆμβυγωνιος
695 3343 726 3392 φ.
782 3329 824 3378 12.
839 3321 884 3394 δέ]
900 3339 1049 3392 suprascr.
1064 3341 1100 3376 m.

90 3394 159 3448 1V.
232 3388 349 3462 εὐθεῖα]
368 3409 422 3446 om.
443 3391 474 3446 V.
540 3399 582 3448 16.
601 3390 634 3447 δέ
653 3389 728 3448 ἐστιν
748 3395 781 3452 V.
847 3400 888 3449 18.
908 3395 1026 3466 γωνίαν]
1047 3409 1101 3449 om.

89 3465 120 3522 Β.
193 3470 236 3519 23.
247 3458 338 3590 F(triluce
354 3461 441 3532 pr.
513 3458 693 3518 durvuvrluv
712 3466 738 3520 b.
816 3471 859 3521 26.
879 3459 1015 3534 ἀνάλογοι
1034 3465 1091 3521 Vb.

161 3529 229 3590 duaa
274 3531 355 3602 ,elac
373 3535 430 3589 Vb.
