2468 3952
135 220 199 284 106
506 220 709 272 ΣΤοιιιειιιιι
728 217 780 274 ια’.

132 360 222 429 οὕτω
250 363 287 428 τὸ
318 358 383 429 άπὸ
410 365 469 446 τῆς
496 359 628 448 πρώτης
655 362 790 444 στερεὸν
818 363 1157 445 παραλληλεπίπεδον

133 469 216 555 πρὸς
238 467 276 535 τὸ
299 464 364 535 άπὸ
387 470 446 552 τῆς
469 468 624 550 δευτέρας
646 468 684 534 τὸ
708 466 827 551 ὅμοιον
850 465 906 531 καὶ
931 461 1055 551 ὁμοίως
1074 463 1156 533 άνα·

134 571 367 661 γραφόμενον,
392 575 522 659 ἐπείπερ
545 573 601 639 καὶ
625 571 645 658 ἡ
670 570 782 660 πρώτη
806 573 889 656 πρὸς
910 574 972 659 τὴν
989 571 1156 660 τετάρτην

133 686 353 765 τριπλασίονα
377 678 480 765 λόγον
503 683 569 765 ἔχει
592 677 675 764 ἥπερ
698 681 781 762 πρὸς
803 681 865 765 τὴν
889 679 1057 767 δευτέραν.

100 952 118 1001 ε
612 926 675 995 λδ.

205 1056 289 1119 Τῶν
308 1061 405 1120 λ’σων
424 1055 594 1137 στερεῶν
616 1053 1022 1138 παραλληλεπιπέδων
1042 1049 1154 1119 άντι-

132 1159 382 1226 πεπόνθασιν
406 1160 446 1224 αλ
462 1157 599 1244 βάσεις
621 1171 705 1237 τοῖς
727 1156 885 1237 ὕψεσιν·
909 1158 973 1224 καὶ
993 1148 1047 1224 ὧν
1066 1178 1154 1227 στε-

41 1351 48 1359 ,
134 1269 236 1349 ρεῶν
278 1266 685 1352 παραλληλεπιπέδων
722 1262 1069 1331 ἀντιπεπόνθασιν
1113 1268 1155 1332 αλ

133 1369 270 1455 βάσεις
293 1384 376 1449 τοῖς
398 1368 557 1456 ὕψεσιν,
581 1379 646 1438 ἴσα
670 1371 779 1439 ἐστὶν
803 1372 944 1438 ἐκεῖνα.

77 1498 113 1546 10
192 1475 300 1543 Ἕστω
330 1484 385 1544 λσα
414 1478 528 1566 στερεά
555 1480 866 1563 παραλληλεπίπεδα
893 1476 933 1544 τά
957 1484 1049 1571 ΑΒ,
1070 1483 1152 1545 ΓΛ·

134 1583 235 1668 λέγω,
265 1583 317 1651 ότι
343 1587 411 1650 τῶν
435 1590 515 1663 ΑΒ,
543 1589 610 1650 ΓΛ
638 1586 782 1671 στερεῶν
809 1584 1152 1671 παραλληλεπιπέδων

133 1687 423 1757 ἀντιπεπόνθασιν
452 1692 489 1756 αἱ
513 1688 626 1775 βάσεις
653 1701 723 1768 τοῖς
746 1686 883 1775 ὕψεσιν,
911 1694 970 1755 καί
990 1690 1082 1757 ἐστιν
1108 1687 1176 1768 ὡς’

132 1793 153 1880 ἡ
178 1803 242 1863 ΕΘ
265 1795 362 1880 βάσις
383 1797 466 1882 πρὸς
488 1797 550 1882 την
574 1802 651 1861 ΝΠ
670 1793 782 1879 βάσιν,
807 1792 913 1873 οὕτως
935 1793 973 1862 τὸ
997 1799 1059 1861 τοῦ
1083 1801 1152 1863 ΓΔ

133 1906 270 1990 στερεοῦ
294 1899 379 1982 ὕψος
401 1902 484 1989 πρὸς
507 1902 544 1968 τὸ
567 1903 628 1968 τοῦ
651 1908 717 1967 ΑΒ
741 1904 878 1987 στερεοῦ
901 1897 997 1980 ὕψος.

79 2029 113 2078 15
191 2007 365 2076 Ἔστωσαν
397 2008 459 2095 γάρ
493 2006 658 2095 πρότερον
691 2008 728 2072 αἱ
759 2007 971 2092 ἐφεστηκυῖαι
1000 2010 1037 2073 αἱ
1064 2015 1152 2093 ΑΗ,

133 2123 211 2198 ΕΖ,
231 2121 311 2198 ΛΒ,
330 2120 412 2199 ΘΚ,
446 2120 533 2199 ΓΜ,
552 2115 634 2197 ΝΞ,
656 2119 738 2197 ΟΔ,
758 2121 795 2179 Π
802 2121 832 2180 Ρ
849 2112 935 2198 πρὸς
954 2112 1061 2201 ὀρθὰς
1079 2129 1153 2194 ταῖς

25 2279 31 2285 .
132 2220 273 2306 βάσεσιν
297 2217 422 2287 αὐτῶν·
446 2221 542 2304 λέγω,
566 2217 617 2286 ότι
641 2219 732 2286 ἐστὶν
756 2216 801 2298 ὡς
824 2218 843 2306 ἡ
866 2227 929 2287 ΕΘ
951 2220 1050 2305 βάσις
1068 2225 1153 2309 πρὸς

131 2352 195 2411 την
219 2332 297 2392 ΝΠ
316 2325 432 2410 βάσιν,
457 2322 563 2404 οὕτως
587 2322 605 2411 ἡ
631 2331 709 2393 ΓΜ
726 2327 810 2414 πρὸς
833 2328 894 2413 την
917 2335 995 2394 ΑΗ.

200 2435 244 2499 Εἰ
267 2431 328 2516 μὲν
353 2422 416 2498 οὖν
440 2439 494 2517 ἴση
519 2432 611 2499 ἐστὶν
632 2428 653 2518 ἡ
679 2439 741 2498 ΕΘ
764 2432 861 2517 βάσις
883 2438 923 2522 τῇ
943 2442 1018 2501 ΝΠ
1040 2435 1151 2522 βάσει,

76 2558 115 2607 20
135 2543 204 2604 ἔστι
228 2537 265 2604 δὲ
288 2538 344 2603 καὶ
361 2535 400 2604 τὸ
415 2544 479 2604 ΑΒ
502 2536 638 2624 στερεὸν
661 2541 707 2629 τῷ
723 2545 784 2605 ΓΔ
804 2544 926 2631 στερεῷ
946 2549 1033 2626 ἴσον,
1057 2547 1152 2610 ἔσται

132 2644 188 2710 καὶ
215 2642 236 2729 ἡ
261 2648 336 2710 ΓΜ
358 2647 398 2730 τῇ
424 2651 503 2710 ΑΗ·
522 2652 587 2730 ἴση.
636 2643 678 2712 τά
705 2643 769 2732 γὰρ
797 2643 864 2712 ὑπὸ
895 2647 933 2713 τὸ
956 2644 1038 2714 αὐτὸ
1062 2646 1152 2730 ὕψος

133 2749 248 2837 στερεὰ
271 2754 584 2836 παραλληλεπίπεδα
606 2749 691 2838 πρὸς
713 2749 841 2837 άλληλά
864 2753 954 2819 ἐστιν
974 2751 1018 2833 ὡς
1037 2757 1074 2821 αλ
1090 2754 1152 2840 βά-

205 2987 228 3034 1.
250 3001 338 3044 ουτως
356 2981 440 3038 FVb.
494 3001 535 3037 πα
537 2986 700 3069 ραλληλοεπ.
720 2981 752 3035 V
809 2987 832 3035 3.
854 2978 1008 3052 ἐπειδήπερ
1027 2983 1089 3038 BV

132 3057 267 3121 ολεερ.
287 3068 341 3107 ras.
363 3052 501 3108 11itt..F
594 3046 723 3120 ἵοψεοι
741 3052 790 3107 Vb
810 3055 913 3121 etseq
933 3069 986 3108 ras.
1006 3054 1150 3125 alitum.

204 3071 260 3178 12.q
267 3117 354 3192 οψεοι
372 3123 456 3179 FVb.
530 3130 571 3178 16.
591 3123 654 3194 ΑΒ]
675 3129 699 3177 Λ
717 3139 733 3177 e
752 3140 822 3178 corr.
841 3125 872 3178 B.
938 3124 1006 3215 ΘΚ]
1027 3143 1096 3182 corr.
1116 3144 1153 3183 ex

131 3197 194 3249 ΘΗ
210 3213 247 3249 m.
268 3196 329 3251 1b
389 3195 466 3265 ΓΜ]
486 3212 640 3265 suprascr.
660 3197 744 3248 Nm.
765 3194 824 3251 lb.
886 3202 927 3250 17.
947 3195 1090 3269 βάσεσιλ).

130 3261 355 3390 ἔδωδδδιάῃδ.ῂ
394 3271 486 3406 ἔστάῗ]
505 3266 673 3405 δδξδ]17ίδῐδτ
691 3270 713 3318 A
733 3268 842 3390 effi}
858 3265 918 3407 VVV
932 3269 1150 3426 -θ-ωὲλῑβάοεις]

131 3422 186 3461 om.
206 3406 273 3474 BV;
296 3408 360 3464 hab.
380 3408 425 3462 Pb
444 3409 473 3461 et
490 3407 604 3462 fuerunt
621 3408 701 3478 inF‚
725 3408 772 3462 sed
792 3406 865 3461 nihil
883 3409 1012 3463 relietum
1033 3415 1076 3466 est
1094 3431 1152 3468 ms1

132 3496 163 3530 το
178 3489 252 3544 οψος
267 3497 355 3564 οτερε,
373 3477 474 3546 quibus
493 3480 555 3535 add.
576 3499 611 3548 φτ
632 3499 678 3534 ον
697 3485 756 3543 τοῖς
774 3472 860 3548 όψεοι
879 3479 990 3535 omissis
1009 3483 1103 3538 uerbis
1123 3484 1154 3540 εἰ

132 3545 234 3617 ηάρ-
255 3544 392 3616 οόσωνρ.
414 3553 518 3616 1081.
