2468 3952
130 215 196 278 324
502 216 703 269 Σνοοιοιιια
722 209 771 283 η’.

130 357 248 425 εύθεϊα
266 357 400 446 γραμμὴ
420 355 441 444 ἡ
462 365 536 425 ΝΣ
552 355 657 443 άκρον
675 357 731 424 καί
750 356 853 442 μέσον
872 352 977 440 λόγον
996 353 1147 440 τέτμηται

129 461 212 531 κατὰ
235 462 273 532 τὸ
300 472 343 550 0,
367 463 483 532 καὶτὸ
508 469 620 549 μεῖζον
644 461 747 550 αὐτῆς
768 459 880 548 τμῆμά
905 463 999 528 ἐστιν
1022 456 1044 546 ἡ
1068 465 1148 542 ΝΟ,

130 567 170 635 τὰ
198 568 263 655 ἄρα
292 568 358 638 άπὸ
387 579 457 638 τῶν
480 576 567 653 ΝΣ,
596 576 663 636 ΣΟ
689 565 868 656 τριπλάσιά
897 568 967 634 ἐστι
996 576 1060 634 τοῦ
1089 561 1147 632 άπὸ

129 679 188 762 τῆς
211 683 249 743 Ν
253 683 289 742 0.
336 684 390 762 ίση
420 675 458 743 δὲ
483 673 504 762 ἡ
530 675 592 762 μὲν
615 683 690 743 ΝΣ
709 686 750 765 τῇ
778 679 867 760 ΨΩ,
895 670 1077 759 ἐπειδήπερ
1099 671 1149 738 καί

96 779 152 867 οὴ
176 781 238 868 μὲν
257 789 327 849 ΝΟ
349 787 388 870 τῇ
412 789 478 849 Οίδ
497 785 587 850 ἐστιν
607 789 677 868 ίση,
701 779 722 868 ἡ
743 781 781 850 δδ
803 783 932 868 ΨΟτη
955 785 1032 847 ΟΣ.
1071 775 1149 846 ἀλλὰ

130 888 197 977 μὴν
221 889 276 956 καὶ
299 886 320 974 ἡ
342 896 410 956 ΟΣ
432 893 470 976 τῇ
499 896 583 973 ΨΥ,
608 889 677 956 ἐπεὶ
700 889 756 956 καὶ
778 892 818 977 τῇ
842 894 913 955 ΡΟ·
937 884 978 954 τά
1004 885 1072 973 άρα
1091 881 1149 952 άπὸ

129 999 198 1063 τῶν
217 1002 305 1079 ΩΨ,
328 1002 401 1062 ΨΥ
419 994 600 1082 τριπλάσιά
624 998 692 1063 ἐστι
715 998 777 1062 τοῦ
800 992 865 1062 άπὸ
890 996 949 1080 της
967 1000 1009 1060 Ν
1012 999 1051 1059 0.
1087 1004 1150 1070 τοῖς

131 1101 169 1168 δὲ
192 1098 257 1168 άπὸ
281 1112 349 1168 τῶν
371 1107 465 1186 ΩΨ,
492 1108 564 1167 ΨΤ
585 1109 662 1169 ίσον
685 1100 755 1168 ἐστί
777 1098 816 1169 τὸ
835 1098 901 1169 ἀπὸ
924 1104 985 1186 τῆς
1014 1105 1095 1166 m·
1116 1093 1149 1164 τὸ

131 1205 197 1294 ἄρα
225 1204 289 1274 άπὸ
318 1210 377 1292 τῆς
403 1213 466 1274 m
493 1196 692 1293 τριπλάσὶόν
720 1209 789 1275 ἐστι
816 1210 877 1274 τού
901 1203 966 1274 ἀπὸ
990 1209 1054 1292 τῆς
1078 1210 1115 1270 Ν
1117 1209 1150 1270 O.

80 1329 113 1377 10
133 1317 201 1380 ἔστι
230 1311 267 1379 δὲ
295 1312 350 1378 καί
377 1309 397 1398 ἡ
423 1314 458 1380 ἐκ
481 1317 543 1380 τοῦ
571 1314 712 1400 κέντρου
734 1316 794 1399 τῆς
816 1317 962 1400 σφαίρας
984 1315 1047 1398 τῆς
1069 1334 1151 1396 περι-

132 1417 370 1503 λαμβανούσης
390 1418 450 1486 τὸν
474 1418 583 1504 κύβον
607 1417 748 1504 δυνάμει
771 1423 978 1505 τριπλασίων
1003 1421 1064 1504 τῆς
1082 1416 1151 1504 ἡμι-

132 1529 224 1601 σείας
245 1526 304 1608 τῆς
326 1527 387 1591 τοῦ
405 1527 512 1611 κύβου
531 1529 687 1610 πλευρᾶς·
711 1527 943 1613 προδέδεικται
962 1523 1030 1612 γάρ
1051 1523 1151 1610 κύβον

55 1638 57 1645 ⁴
133 1629 365 1715 συστήσασθαι
387 1631 443 1698 καὶ
469 1638 598 1722 σφαίρᾳ
623 1638 816 1718 περιλαβεῖν
838 1632 893 1699 καὶ
917 1632 1036 1719 δείξαι,
1060 1623 1151 1715 ὅτιίη

132 1741 191 1823 τῆς
219 1741 364 1823 σφαίρας
392 1737 569 1825 διάμετρος
597 1738 741 1826 δυνάμει
767 1742 973 1825 τριπλασίων
1002 1738 1074 1806 ἐστὶ
1101 1746 1154 1822 τῆς

82 1861 113 1908 15
132 1848 277 1928 πλευράς
308 1847 370 1910 τού
403 1841 519 1929 κύβου.
571 1849 601 1912 εί
634 1844 672 1912 δὲ
706 1842 767 1931 ὅλη
800 1848 859 1931 τῆς
887 1842 982 1929 ὅλης,
1016 1845 1074 1911 καί
1108 1840 1153 1930 [ἡ]

133 1948 266 2036 ἡμίσεια
293 1953 352 2036 της
383 1946 548 2036 ἡμισείας·
581 1956 640 2018 καί
672 1953 762 2019 ἐστιν
790 1948 811 2037 η
840 1957 878 2018 Ν
882 1957 910 2016 0
936 1947 1075 2037 ἡμίσεια
1102 1953 1155 2035 της

133 2067 194 2123 τού
221 2055 329 2142 κύβου
356 2060 512 2143 πλευράς·
541 2055 562 2144 ἡ
590 2056 656 2146 άρα
691 2064 755 2125 ΥΩ
782 2066 837 2142 ίση
866 2058 935 2125 ἐστὶ
962 2066 1003 2143 τῇ
1035 2059 1073 2125 ἐκ
1094 2066 1154 2125 τοῦ

133 2163 273 2249 κέντρου
297 2167 356 2248 τῆς
380 2169 526 2250 σφαίρας
546 2175 605 2250 τῆς
628 2161 942 2251 περιλαμβανούσης
960 2161 1023 2230 τὸν
1042 2164 1156 2250 κύβον.

133 2273 192 2334 καί
218 2270 287 2335 ἐστι
313 2265 352 2335 τὸ
376 2275 410 2335 ίδ
438 2269 578 2356 κέντρον
605 2273 664 2356 της
694 2276 839 2359 σφαίρας
868 2272 925 2354 τῆς
951 2274 1156 2357 περιλαμβα-

82 2373 261 2459 συνούσης
287 2371 348 2440 τὸν
375 2374 495 2460 κύβον·
524 2374 563 2444 τὸ
596 2385 626 2443 Τ
649 2375 714 2464 ἄρα
743 2389 882 2463 σημεῖον
910 2373 996 2462 πρὸς
1022 2380 1065 2465 τῇ
1094 2378 1157 2445 ἐπι·

74 2560 78 2570 .
136 2484 259 2569 φανείη
278 2479 347 2547 ἐστὶ
366 2483 424 2566 τῆς
443 2488 596 2571 σφαίρας.
634 2479 760 2569 δμοίως
779 2481 821 2568 δὴ
842 2483 1006 2569 δείξομεν,
1032 2481 1086 2551 ὅτι
1103 2482 1156 2550 καί

136 2583 256 2671 ἑκάστη
280 2589 348 2654 τῶν
372 2585 500 2656 λοιπῶν
524 2598 660 2674 γωνιῶν
681 2592 742 2656 τοῦ
762 2589 997 2675 δωδεκαέδρου
1014 2589 1102 2677 πρὸς
1120 2589 1156 2678 τῇ

137 2695 314 2783 ἐπιφανείη
338 2693 407 2761 ἐστί
430 2698 488 2780 τῆς
513 2700 669 2782 σφαίρας·
694 2701 922 2782 περιείληπται
945 2692 1012 2784 άρα
1035 2695 1075 2765 τὸ
1099 2700 1157 2764 δω-

137 2797 320 2888 δεκάεδρον
343 2803 382 2888 τῇ
408 2804 549 2888 δοθείσῃ
575 2806 711 2891 σφαίρᾳ.

211 3053 234 3102 1
255 3047 364 3115 ΝΕΒ
385 3064 453 3103 corr.
472 3067 509 3103 m
531 3053 553 3104 1
622 3043 790 3106 3wssqva
852 3056 877 3104 4
897 3051 1098 3123 ΝΟ]ΝΕΒ

139 3125 163 3173 9.
184 3114 254 3189 ἄρα]
274 3136 330 3173 om.
349 3136 375 3187 q.
455 3120 519 3190 τού]
539 3115 617 3188 τύη.
705 3126 745 3176 10.
767 3118 842 3176 ἔστιν
860 3121 883 3175 Ρ
891 3121 921 3177 Β
1007 3123 1072 3195 τῆς]
1092 3121 1159 3191 (alt.)

138 3190 228 3244 bisb.
322 3196 362 3244 12.
383 3190 472 3262 της]
464 3206 516 3244 ma.
535 3209 572 3244 m
593 3189 661 3245 1V.
762 3191 952 3262 δέδεικταιη.
1053 3200 1096 3251 14.
1115 3195 1160 3248 δα

138 3257 240 3332 νάμει]
270 3278 323 3317 om
343 3261 373 3315 P.
469 3260 680 3330 διπλασίωνΒ,
709 3279 778 3318 corr.
803 3281 839 3318 m.
859 3279 913 3319 rec.
1005 3258 1084 3320 ἐστίν
1108 3263 1159 3320 ΡΒ.

239 3336 280 3388 15.
301 3330 339 3404 εί]
360 3328 431 3421 qV
526 3327 615 3401 ηὸλη
638 3331 694 3401 Bq
790 3330 821 3404 η]
845 3334 976 3404 postea
967 3353 1019 3391 ms.
1038 3353 1078 3394 m
1100 3335 1160 3406 1P‚

140 3401 167 3456 εί
140 3420 210 3471 q.
309 3409 350 3458 16.
370 3399 538 3473 ημίσει-α
558 3404 638 3530 ΝἭ
652 3403 744 3472 bisP‚
768 3409 867 3475 postea
886 3423 955 3461 corr.
974 3425 1012 3462 m.
1033 3412 1059 3462 1.

141 3479 182 3527 17.
203 3468 280 3528 ἐστίν
298 3473 329 3526 Ρ.
444 3481 486 3529 19.
513 3471 588 3530 ἒστν
746 3482 789 3532 20
813 3482 931 3546 σημειον
950 3473 1054 3548 άραη

141 3540 194 3601 22?
202 3540 255 3612 τὴν
275 3541 500 3615 ἐπιφάνειανη,
520 3546 599 3603 vbis
619 3563 704 3618 supra
722 3563 772 3603 scr.
792 3565 829 3602 m.
850 3548 911 3603 lb.
980 3554 1025 3605 23.
1041 3545 1120 3608 ἐστίν
1134 3550 1161 3606 P.
