2468 3952
498 215 681 301 APPENDI'X
699 216 734 267 11.
1055 211 1123 277 409

175 358 326 422 ἔστωσαν
353 353 419 422 ὑπὸ
447 353 485 423 τὸ
517 352 599 423 αὐτὸ
627 356 714 436 ὕψος
742 353 836 435 ὄντες
861 359 967 424 κώνοι
988 357 1044 423 καὶ
1067 355 1123 424 κύ·

105 465 254 548 λινδροι,
287 452 336 528 ών
364 464 401 527 αλ
430 458 543 546 βάσεις
571 465 720 528 ἔστωσαν
747 465 782 529 ολ
808 468 956 546 ΑΒΓΔ,
989 469 1124 529 ΕΖΗΘ

104 567 238 653 κύκλοι,
262 565 380 648 άξονες
399 567 436 636 δὲ
457 571 492 636 ολ
503 574 588 653 ΚΛ,
612 574 706 652 ΜΝ,
729 567 902 654 διάμετροι
921 568 960 635 δὲ
977 571 1045 636 τῶν
1064 566 1124 653 βά-

106 695 193 741 σεων
221 678 370 741 ἔστωσαν
399 677 436 741 αλ
462 682 543 758 ΖΔ,
573 679 669 740 ΖΘ·
691 674 792 759 λέγω,
821 671 872 741 ὅτι
902 676 1007 755 ἐστίν,
1037 672 1123 754 ώςὸ

105 786 240 847 ΑΒΓΔ
272 780 394 859 κύκλος
425 778 508 868 πρὸς
538 783 764 848 τὸν“ΕΖΗΘ
794 781 935 866 κύκλον,
968 778 1074 860 οὕτως
1105 775 1144 847 ὁὶ

106 885 310 975 ΑΒΓΔΛῙ)
332 896 443 965 κῶνος
465 885 549 970 πρὸς
571 885 632 954 τὸν
654 893 834 954 ΕΖΗΘΝ
852 891 972 956 κώνου.
1010 891 1041 955 εἰ
1058 885 1123 975 γάρ

106 992 151 1080 μή
180 994 270 1060 ἐστιν
299 991 343 1072 ὡς
371 992 389 1060 ὁ
414 998 547 1060 ΑΒΓΔ
569 991 691 1072 κύκλος
718 993 801 1082 πρὸς
828 993 888 1062 τὸν
912 1001 1048 1062 ΕΖΗΘ
1069 992 1124 1062 κύ·

105 1107 202 1183 κλον,
240 1099 346 1178 οὕτως
382 1096 400 1166 ὁ
438 1105 571 1166 ΑΒΓΔ
607 1102 714 1178 κώνος
750 1102 834 1188 πρὸς
868 1103 930 1168 τὸν
967 1108 1123 1186 ΕΖΗΘ,

107 1211 198 1273 ἔσται
229 1202 245 1273 ὁ
271 1210 477 1273 ΑΒΓΔΚΛ
504 1210 613 1284 κῶνος
640 1203 715 1290 ήτοι
742 1204 825 1304 πρὸς
848 1207 986 1275 ἔλαττόν
1007 1234 1039 1275 τι
1062 1211 1124 1276 τοῦ

107 1318 243 1379 ΕΖΗΘ
265 1311 379 1379 κώνου
402 1310 539 1399 στερεὸν
557 1307 578 1397 ή
597 1313 681 1400 πρὸς
700 1318 820 1398 μεῖζον.
857 1318 940 1380 ἔστω
960 1314 1124 1403 πρότερον

109 1418 194 1506 πρὸς
217 1423 355 1485 ἔλαττον
378 1415 415 1485 τὸ
439 1427 471 1485 Α
495 1418 646 1506 στερεόν,
668 1419 724 1485 καὶ
749 1419 970 1507 ἐγγεγράφθω
994 1427 1041 1503 εἰς
1063 1421 1124 1490 τὸν

107 1531 244 1592 ΕΖΗΘ
266 1523 392 1591 κύκλον
415 1524 626 1611 τετράγωνον
645 1522 682 1592 τὸ
703 1532 855 1612 ΕΖΗΘ,
878 1528 935 1595 καὶ
954 1525 1124 1596 άνεστάτω

107 1628 173 1698 άπὸ
188 1635 248 1697 τοῦ
263 1636 400 1697 ΕΖΗΘ
412 1630 625 1717 τετραγώνου
644 1632 788 1719 πυραμὶς
802 1636 945 1719 λσουψής
958 1644 1004 1724 τῷ
1018 1634 1126 1724 κώνῳ.

106 1737 126 1823 ἡ
152 1735 218 1826 άρα
241 1735 447 1823 άνεσταμένη
471 1738 616 1825 πυραμὶς
644 1744 764 1824 μείζων
792 1738 883 1807 ἐστὶν
911 1736 931 1826 ή
961 1739 998 1805 τὸ
1022 1737 1125 1826 ήμισυ

107 1848 168 1911 τού
192 1843 315 1911 κώνου.
361 1845 604 1930 τετμήσθωσαν
628 1848 665 1911 αλ
685 1853 763 1930 ΕΖ,
792 1852 874 1931 ΖΗ,
902 1852 971 1912 ΗΘ
992 1846 1125 1932 περιφέ-

108 1976 194 2037 ρειαι
219 1953 295 2036 δίχα
318 1950 401 2018 κατὰ
425 1949 465 2017 τά
489 1954 531 2037 Ξ,
557 1958 600 2035 0,
623 1959 672 2035 Π,
696 1958 727 2017 P
746 1964 875 2037 σημεῖα,
899 1951 955 2019 καὶ
979 1951 1126 2038 ἐπεζεύχ-

107 2065 227 2125 οωσιι
250 2058 288 2123 ιι
308 2059 384 2143 πω,
412 2060 488 2142 ΞΖ,
517 2063 592 2141 το,
621 2063 703 2141 οΗ,
731 2064 820 2143 ΗΠ,
844 2064 927 2141 σο,
950 2064 1023 2144 οι),
1046 2065 1124 2143 ΡΣ,

107 2164 163 2230 καὶ
191 2161 360 2230 άνεστάτω
383 2161 443 2248 ἀφ’
471 2162 611 2230 ἑκάστου
634 2166 702 2230 τών
725 2166 804 2248 ΕΞ,
833 2166 864 2241 Ξ
872 2170 913 2249 Ζ,
943 2171 1018 2251 ΖΘ,
1042 2170 1124 2251 ΘΗ,

107 2277 199 2355 ΗΠ,
228 2276 310 2354 ΠΘ,
339 2275 413 2352 ΘΡ,
442 2275 507 2335 ΡΣ
532 2268 707 2356 τριγώνων
735 2271 881 2358 πυραμὶς
908 2269 1053 2357 ίσουιγής
1079 2281 1124 2362 τῷ

107 2376 215 2467 κώνῳ.
253 2375 373 2461 ἑκάστη
388 2373 453 2462 άρα
467 2379 536 2443 τών
550 2373 785 2461 ἀνισταμένων
799 2380 999 2463 πυραμίδων
1013 2378 1125 2463 μεῖζόν

108 2485 199 2551 ἐστιν
218 2478 238 2568 ή
257 2480 295 2549 τὸ
315 2480 419 2567 ήμισυ
437 2485 498 2549 τοῦ
516 2479 596 2549 καθ’
618 2481 724 2568 αὑτήν
743 2481 910 2569 τμήματος
929 2489 990 2553 τοῦ
1003 2484 1125 2554 κώνου.

108 2587 263 2675 τοιαύτης
282 2586 324 2673 δή
344 2589 523 2675 γινομένης
541 2586 593 2656 άελ
608 2589 808 2669 ἐπισκέψεως
822 2590 1035 2676 ληφθήσεταί
1050 2618 1126 2658 τινα

107 2693 259 2782 τμήματα
282 2693 347 2761 άπό
370 2698 431 2762 τοῦ
455 2692 537 2762 ὅλον
559 2693 687 2779 κώνου,
716 2690 737 2761 ἃ
766 2699 856 2762 ἔσται
885 2696 1044 2763 ἐλάττονα
1067 2701 1126 2784 τής

107 2798 287 2888 ὑπεροχῆς,
314 2793 354 2887 ής
381 2799 533 2887 ὑπερέχει
556 2799 574 2869 ὁ
600 2808 661 2868 ΖΘ
670 2805 752 2869 ΜΝ
769 2798 893 2881 κύκλος
915 2806 977 2870 τοῦ
1000 2811 1032 2869 Α
1056 2822 1125 2871 στε-

110 2910 199 2990 ρεοῦ.
245 2906 404 2993 λελήφθω
432 2907 488 2973 καὶ
517 2912 600 2974 ἔστω
627 2904 667 2973 τά
695 2907 747 2974 ἐπὶ
770 2911 839 2975 τών
863 2910 973 2994 ΕΞΖ,
1002 2915 1125 2994 ΘΗΠ,

109 3019 212 3080 ΘΡΕ.
276 3016 374 3100 λοιπή
417 3011 483 3099 άρα
520 3012 540 3099 ή
578 3017 738 3101 πυραμίς,
779 3004 820 3099 ής
856 3013 952 3098 βάσις
988 3014 1051 3100 μὲν
1086 3012 1125 3082 τὸ

109 3122 204 3195 ΕΞΖ
212 3126 389 3187 ΟΗΠΘΡ
407 3119 619 3206 πολύγωνον,
642 3117 774 3206 κορυφή
798 3119 836 3186 δὲ
857 3118 895 3188 τὸ
917 3127 956 3186 Ν
975 3134 1125 3207 σημεῖον,

109 3224 221 3310 μεῖζόν
245 3228 314 3293 ἐστι
336 3230 397 3293 τοῦ
420 3236 452 3294 Α
482 3237 627 3310 στερεοῦ.
674 3225 895 3312 ἐγγεγράφθω
925 3225 967 3313 δή
996 3230 1044 3306 εἰς
1065 3225 1127 3294 τὸν

108 3338 243 3399 ΑΒΓΔ
269 3331 395 3401 κύκλον
422 3337 467 3425 τῷ
491 3336 769 3410 ΕΞΖΟΗΠΘΡ
792 3331 977 3426 πολυγώνῳ
1007 3330 1126 3419 ὅμοιον

183 3563 209 3631 1)
228 3566 252 3615 Α
271 3580 355 3632 supra
375 3579 426 3618 ser.
445 3581 481 3618 m.
503 3568 526 3617 1.
