2468 3952
148 165 215 230 242
515 167 716 220 Σνοιιιιιιοα
741 161 791 234 ιβ’.

150 334 211 396 ρας
234 312 388 394 σφαίρας.
434 304 557 394 ὁμοίως
579 307 635 375 καὶ
659 305 778 391 ἑκάστη
807 305 953 393 πυραμὶς
975 311 1044 374 τῶν
1070 309 1108 374 έν
1134 310 1174 396 τῇ

149 413 225 502 περὶ
256 413 397 502 κέντρον
430 410 467 482 τὸ
499 423 533 481 Α
565 419 693 503 σφαίρᾳ
725 410 809 499 πρὸς
842 410 984 498 ἑκάστην
1018 409 1174 500 ὁμοταγῆ

148 523 321 608 πυραμίδα
343 523 411 588 τῶν
435 521 472 588 ἐν
494 523 535 608 τῇ
559 520 654 610 ἑτέρᾳ
678 525 807 608 σφαίρᾳ
824 523 1045 606 τριπλασίονα
1065 517 1174 604 λόγον

149 628 229 714 ἕξει,
253 625 337 714 ἥπερ
360 624 381 712 ἡ
400 634 465 694 AB
489 625 573 714 πρὸς
595 624 657 712 τὴν
681 630 717 694 ἐκ
739 630 801 694 τού
819 628 961 711 κέντρον
979 629 1037 710 τῆς
1058 625 1175 714 ἑτέρας

113 750 130 799 5
150 738 302 821 σφαίρας.
338 733 394 800 καὶ
419 730 464 813 ὡς
487 737 524 800 ἓν
542 736 611 801 τῶν
629 733 828 819 ἡγουμένων
847 731 931 819 πρὸς
950 735 987 799 ἓν
1006 735 1075 799 τῶν
1095 731 1173 800 έπο·

148 839 275 925 μένων,
304 834 411 917 οὕτως
437 835 570 906 ἅπαντα
596 841 636 906 τὰ
663 835 835 924 ἡγούμενα
863 836 947 924 πρὸς
975 835 1107 905 ἅπαντα
1132 837 1174 906 τὰ

149 943 307 1032 ἑπόμενα·
327 941 411 1012 ὥστε
431 942 513 1012 ὅλον
530 944 569 1013 τδ
590 947 627 1013 έν
640 948 680 1032 τῇ
695 945 771 1030 περὶ
785 944 925 1028 κέντρον
940 942 978 1012 τὸ
993 951 1025 1010 A
1040 949 1175 1034 σφαίρᾳ

149 1048 285 1137 στερεὸν
308 1049 497 1138 πολύεδρον
519 1049 605 1139 πρὸς
622 1048 705 1119 ὅλον
722 1048 761 1118 τὸ
781 1053 818 1118 ἐν
836 1054 876 1138 τῇ
896 1050 991 1139 ἑτέρᾳ
1011 1055 1172 1141 [σφαίρᾳ]

149 1156 285 1245 στερεὸν
313 1155 503 1244 πολύεδρον
531 1162 752 1244 τριπλασίονα
780 1155 883 1242 λόγον
917 1157 997 1241 ἕξει,
1031 1153 1117 1242 ἥπερ
1151 1152 1172 1242 ἡ

96 1281 130 1331 10
149 1271 216 1330 AB
230 1324 233 1328 .
248 1261 332 1349 πρὸς
361 1265 425 1350 τὴν
458 1265 494 1332 έν
525 1266 587 1331 τοῦ
613 1265 755 1349 κέντρον
784 1266 841 1348 τῆς
870 1262 982 1345 ἑτέρας
1010 1267 1174 1349 σφαίρας,

148 1370 320 1436 τουτέστιν
342 1368 425 1458 ἥπερ
448 1366 470 1456 ἡ
493 1377 558 1436 ΒΔ
581 1368 758 1457 διάμετρος
780 1369 865 1455 πρὸς
887 1371 949 1454 τὴν
974 1370 1031 1454 τῆς
1055 1368 1174 1456 ἑτέρας

149 1479 296 1561 σφαίρας
320 1473 513 1563 διάμετρον·
538 1472 618 1561 ὅπερ
643 1479 711 1542 ἔδει
735 1476 850 1554 δεῖξαι.

632 1696 691 1755 ιη.

215 1798 268 1861 Ac
299 1806 467 1882 σφαῖραι
500 1796 599 1881 πρὸς
631 1790 803 1879 ἀλλήλας
836 1795 877 1861 ἐν
909 1799 1174 1878 τριπλασίονι

96 1919 130 1968 16
150 1898 252 1989 λόγῳ
277 1901 355 1968 είσὶ
377 1902 455 1967 τῶν
480 1902 595 1966 ἰδίων
619 1899 852 1985 διαμέτρων.

215 2008 475 2093 Νενοήσθωσαν
498 2019 640 2093 σφαῖραι
663 2007 702 2073 ac
716 2011 833 2090 ABF,
854 2013 969 2091 ΔΕΖ,
994 2005 1173 2095 διάμετροι

149 2113 186 2182 δέ
205 2111 319 2181 αύτῶν
338 2114 377 2180 αί
391 2117 464 2198 ΒΓ,
484 2118 560 2178 ΕΖ·
583 2112 685 2198 λέγω,
708 2108 760 2178 ὅτι
778 2106 799 2197 ἡ
818 2117 922 2178 ΑΒΓ
937 2125 1064 2201 σφαῖρα
1084 2117 1173 2201 πρὸς

148 2219 210 2307 τὴν
239 2226 310 2287 ΔΕ
318 2225 346 2285 Ζ
378 2231 527 2306 σφαῖραν
555 2223 774 2304 τριπλασίονα
802 2215 907 2304 λόγον
934 2223 1000 2306 ἔχει
1035 2217 1120 2307 ἤπερ
1148 2218 1171 2308 ἡ

148 2332 215 2393 ΒΓ
234 2328 319 2411 πρὸς
341 2321 403 2410 τὴν
426 2331 498 2392 ΕΖ.

221 2525 245 2576 2.
265 2519 330 2588 περὶ
345 2515 376 2573 τό
394 2518 450 2588 Bq.
523 2525 548 2576 4.
570 2513 680 2591 ἑτέρας]
699 2538 753 2575 om.
775 2521 804 2576 P.
878 2525 901 2576 7.
922 2516 991 2574 ὥστε
1011 2522 1063 2574 καί
1078 2521 1111 2575 P.

148 2589 214 2661 περὶ
232 2586 264 2644 τό
283 2589 314 2645 Β.
425 2589 529 2659 κέντρω
548 2591 587 2645 τιὸ
625 2607 650 2659 q.
769 2596 793 2646 8.
813 2593 933 2667 σφαίρᾳ]
952 2608 1007 2646 om.
1026 2591 1056 2644 P.

150 2668 192 2716 10.
212 2655 321 2731 ἑτέρας]
339 2659 363 2714 Β
383 2677 468 2731 supra
486 2678 538 2717 scr.
557 2663 673 2731 στερεᾶς
690 2681 727 2717 m.
747 2669 772 2717 2.
860 2668 902 2718 15.
922 2661 993 2717 εἰσίν
1012 2661 1071 2717 ΡΒ.

149 2739 192 2790 16.
212 2727 414 2801 ἐννοήσδωσαν
433 2733 462 2787 Ρ.
