2468 3952
130 185 194 248 120
500 186 700 238 ΣΤΟΙΧΕΙΩΝ
719 205 748 237 ια
758 182 774 237 ’.

128 334 286 412 πλευραῖς
314 335 387 405 ἴσας
415 327 479 408 ἕξει
507 327 665 414 ἑκατέραν
688 327 834 415 ἑκατέρᾳ.
880 334 936 410 ἴση
965 322 1032 410 ἄρα
1056 323 1149 391 ἐστίν

129 431 149 518 ἡ
174 438 243 500 ΑΓ
265 437 305 520 τῇ
330 441 405 499 ΑΖ.
457 431 580 519 ὁμοίως
608 431 650 518 δὴ
680 436 843 518 δείξομεν,
872 429 923 499 ὅτι
951 431 1006 498 καί
1034 428 1055 516 ἡ
1082 437 1146 497 ΑΒ

129 565 168 628 τη
208 547 277 606 ΔΕ
312 541 402 606 ἐστιν
440 547 494 625 ἴση
537 537 670 622 [οὕτως
713 538 965 625 ἐπεζεύχθωσαν
1002 541 1041 604 αί
1070 544 1132 604 ΘΒ
1138 591 1150 622 ‚

130 654 211 714 ΜΕ.
266 646 322 712 καὶ
351 646 419 713 ἐπεὶ
447 645 484 713 τὸ
513 643 579 713 ἀπὸ
608 649 668 731 τῆς
691 653 756 712 ΑΘ
783 654 859 712 ἴσον
887 646 955 712 ἐστὶ
982 657 1052 723 τοῖς
1080 641 1147 710 ἀπὸ

94 757 197 821 σιῶν
222 759 304 836 ΑΚ,
334 759 414 838 ΚΘ,
441 755 487 843 τῷ
512 752 549 819 δὲ
572 750 637 819 ἀπὸ
661 755 719 838 τῆς
741 760 812 819 ΑΚ
840 760 894 819 ἴσα
924 752 992 818 ἐστὶ
1015 748 1055 817 τίι
1079 748 1147 817 ἀπὸ

129 862 197 927 τῶν
220 866 303 944 ΑΒ,
331 866 413 944 ΒΚ,
442 857 482 925 τὰ
510 857 575 942 ἄρα
599 855 664 926 ἀπὸ
689 862 757 926 τῶν
781 866 861 941 ΑΒ,
890 864 971 941 ΒΚ,
1001 863 1067 923 ΚΘ
1090 864 1149 923 ἴσα

130 967 198 1033 ε’στί
221 976 267 1055 τῷ
291 961 355 1033 ἀπὸ
382 972 454 1031 ΑΘ.
495 962 580 1031 ἀλλὰ
604 977 673 1044 τοῖς
697 961 762 1031 ἀπὸ
786 969 855 1032 τῶν
879 971 962 1048 ΒΚ,
986 970 1053 1030 ΚΘ
1072 971 1150 1029 ἴσον

131 1072 199 1139 ἐστὶ
227 1070 264 1139 τὸ
289 1068 354 1139 ἀπὸ
382 1075 441 1157 τῆς
463 1077 538 1137 ΒΘ·
568 1068 656 1160 ὀρθὴ
685 1068 748 1158 γὰρ
777 1069 797 1156 ἡ
826 1068 892 1138 ὑπὸ
918 1077 1017 1137 ΘΚΒ
1041 1073 1149 1155 γωνία

131 1177 187 1245 διὰ
211 1177 249 1245 τὸ
272 1178 328 1245 καί
351 1176 413 1263 τὴν
433 1184 501 1244 ΘΚ
521 1177 668 1245 κάθετον
688 1175 775 1246 εἶναι
799 1176 850 1243 ἐπὶ
869 1176 907 1244 τὸ
925 1174 1151 1262 ὑποκείμενον

79 1305 112 1353 10
133 1287 302 1352 ἐπίπεδον·
327 1282 364 1351 τὸ
388 1281 453 1367 ἄρα
477 1283 542 1351 ἀπὸ
566 1288 624 1370 της
639 1291 703 1351 ΑΘ
727 1291 803 1351 ἴσον
827 1283 895 1350 ἐστὶ
913 1280 1062 1362 τοῖςίιπό
1082 1285 1152 1349 τῶν

46 1460 52 1475 ¹
131 1397 212 1475 ΑΒ,
236 1396 312 1456 ΒΘ·
342 1387 430 1476 ὀρθὴ
459 1388 524 1478 ἄρα
552 1390 642 1457 ἐστὶν
670 1387 781 1475 ἡὺπὸ
806 1396 905 1456 ΑΒΘ
927 1393 1044 1474 γωνία.
1092 1386 1148 1454 διὰ

27 1552 30 1557 .
131 1496 171 1563 τὰ
205 1493 289 1562 αὐτὰ
325 1494 366 1581 δὴ
399 1495 454 1562 καὶ
487 1494 507 1582 ἡ
541 1493 605 1563 ὑπὸ
640 1502 758 1562 ΛΕΜ
784 1500 892 1580 γωνία
926 1492 1015 1580 ὀρθή
1050 1497 1151 1561 ἐστιν.

132 1607 201 1669 ἔστι
230 1601 267 1669 δὲ
294 1602 350 1668 καὶ
377 1599 398 1688 ἡ
427 1599 492 1669 ὑπὸ
522 1609 622 1668 ΒΑΘ
648 1607 755 1687 γωνία
782 1606 821 1689 τη
849 1598 916 1668 ὑπὸ
940 1608 1058 1668 ΕΔΜ
1081 1608 1153 1685 ἴση·

132 1707 326 1776 ὑπόκεινται
358 1707 434 1796 γάρ·
467 1709 523 1775 καὶ
556 1713 646 1775 ἔστιν
674 1706 694 1792 ίγ
723 1715 790 1774 ΑΘ
815 1711 856 1796 τῇ
886 1715 970 1775 ΔΜ
992 1716 1061 1793 ἴση·
1096 1716 1151 1794 ἴση

80 1834 112 1882 15
133 1813 198 1902 ίίρα
226 1816 294 1883 ἐστὶ
322 1815 378 1882 καὶ
405 1812 426 1900 ἡ
450 1820 515 1880 ΑΒ
543 1818 582 1900 τῇ
608 1820 699 1898 ΔΕ].
745 1815 815 1882 ἐπεὶ
843 1806 906 1882 οὖν
936 1823 991 1899 ἴση
1016 1811 1150 1899 ἐστίνὴ

132 1921 193 2008 μὲν
217 1928 285 1988 ΑΓ
308 1926 348 2010 τῇ
373 1928 455 2005 ΛΖ,
483 1918 503 2006 ἡ
529 1920 567 1987 δὲ
590 1929 655 1987 ΑΒ
680 1924 718 2008 τῇ
745 1928 826 2005 ΔΕ,
855 1920 918 1988 δύο
948 1918 989 2006 δὴ
1013 1923 1051 1986 αί
1072 1926 1155 2003 ΓΑ,

132 2035 197 2093 ΑΒ
222 2028 300 2094 δυσὶ
323 2041 395 2106 ταῖς
419 2035 501 2112 ΖΑ,
532 2034 600 2093 ΛΕ
622 2036 692 2094 ἴσαι
716 2031 811 2094 είσίν.
857 2024 941 2094 ἀλλὰ
965 2028 1021 2093 καὶ
1045 2031 1154 2111 γωνία

133 2131 153 2218 ἡ
186 2131 252 2200 ὑπὸ
282 2139 374 2201 ΓΑΒ
407 2139 515 2222 γωνία
543 2137 582 2221 τῇ
610 2130 676 2201 ὑπὸ
705 2140 808 2199 ΖΔΕ
834 2135 924 2200 ἐστιν
953 2141 1023 2217 ἴση·
1055 2132 1154 2218 βάσις
1188 2144 1191 2152 ’

133 2236 198 2325 ἄρα
231 2236 251 2324 ἡ
281 2245 348 2307 ΒΓ
375 2238 472 2325 βάσει
500 2243 540 2326 τῇ
564 2246 627 2306 ΕΖ
656 2247 710 2324 ἴση
740 2238 809 2305 ἐστὶ
837 2240 892 2305 καὶ
919 2237 957 2305 τό
985 2244 1153 2322 τρίγωνον

81 2365 115 2414 20
134 2355 179 2435 τῷ
199 2344 350 2435 τριγώνῳ
369 2345 425 2411 καὶ
445 2348 481 2410 αί
499 2346 611 2412 λοιπαί
631 2351 751 2430 γωνίαι
770 2358 841 2423 ταῖς
856 2353 987 2424 λοιπαῖς
999 2350 1153 2430 γωνίαις·

134 2460 190 2536 ἴση
219 2449 285 2536 ίίρα
312 2448 332 2537 ἡ
362 2447 427 2517 ὑπὸ
452 2457 550 2518 ΑΓΒ
578 2458 685 2536 γωνία
712 2455 752 2539 τῇ
776 2449 842 2519 ὑπὸ
869 2459 976 2519 ΑΖΕ.
1022 2455 1092 2519 ἔστι
1117 2450 1154 2518 δὲ

134 2557 189 2624 καὶ
218 2553 306 2644 ὀρθὴ
336 2553 446 2641 ἡὺπὸ
471 2563 575 2624 ΑΓΚ
602 2556 689 2646 ὀρθῇ
718 2561 757 2646 τῇ
781 2555 847 2625 ὑπὸ
873 2565 981 2624 ΔΖΝ
1001 2565 1070 2641 ἴση·
1098 2557 1155 2623 καί

135 2661 234 2748 λοιπὴ
268 2661 334 2750 ίίρα
366 2662 386 2749 ἡ
415 2662 481 2731 ὑπὸ
510 2670 612 2731 ΒΓΚ
638 2667 736 2752 λοιπῇ
769 2669 809 2752 τῇ
838 2661 903 2731 ὑπὸ
933 2671 1038 2730 ΕΖΝ
1063 2666 1153 2731 ἐστιν

136 2777 201 2854 ἴση.
245 2768 301 2836 διὰ
325 2767 365 2836 τὰ
389 2767 475 2836 αὐτὰ
495 2769 536 2856 δὴ
561 2771 616 2836 καὶ
639 2768 660 2856 ἡ
685 2768 750 2838 ὑπὸ
776 2777 877 2838 ΓΒΚ
898 2774 936 2859 τῇ
959 2767 1026 2837 ὑπὸ
1052 2776 1159 2836 ΖΕΝ

82 2895 116 2944 25
137 2879 227 2944 ἐστιν
261 2883 325 2961 ἴση.
381 2875 443 2943 δύο
478 2874 520 2961 δὴ
553 2877 700 2964 τρίγωνα
734 2878 802 2944 ἐστι
835 2875 874 2942 τὰ
904 2883 1019 2960 ΒΓΚ,
1053 2882 1159 2943 ΕΖΝ

139 2981 224 3066 [τὰς]
255 2981 318 3049 δύο
346 2988 471 3067 γωνίας
495 2985 572 3049 δυσί
595 2988 733 3068 γωνίαις
757 2990 831 3062 ἴσας
855 2988 972 3069 ἔχοντα
996 2982 1156 3069 ἑκατέραν

138 3089 276 3178 ἑκατέρα
299 3088 354 3154 καί
378 3094 458 3173 μίαν
481 3087 632 3176 πλευρὰν
655 3093 714 3176 μιᾷ
738 3094 865 3176 πλευρᾷ
890 3098 967 3174 ἴσην
990 3087 1051 3174 τὴν
1072 3086 1158 3174 πρὸς

136 3209 207 3274 ταῖς
236 3204 323 3274 ἴσαις
351 3202 489 3280 γωνίαις
515 3193 576 3280 τὴν
605 3200 671 3261 ΒΓ
694 3198 734 3282 τῇ
764 3203 838 3261 ΕΖ·
870 3195 925 3261 καὶ
952 3194 1010 3273 τὰς
1038 3192 1159 3272 λοιπὰς

210 3448 233 3495 1.
254 3443 311 3512 ἴση]
334 3443 396 3510 ἴσην
416 3443 445 3510 Ρ,
466 3460 535 3498 corr.
554 3462 591 3500 1n.
614 3451 637 3499 1.
698 3450 722 3497 3.
743 3445 803 3514 ἴση]
822 3460 875 3498 om.
897 3443 927 3496 B.
986 3448 1012 3495 4.
1032 3443 1103 3512 τοῖς]
1123 3441 1157 3495 τό

137 3513 167 3568 Ρ.
233 3517 256 3566 7.
277 3514 398 3582 ιῄςΑΘ
416 3515 448 3570 V.
510 3521 534 3570 8.
554 3512 621 3585 γάρ]
641 3515 670 3568 in
689 3531 743 3571 ras.
763 3514 884 3585 ΕΗΒ.
948 3519 972 3567 9.
993 3509 1080 3584 εἶναι]
1101 3529 1157 3568 om.
