2468 3952
377 201 653 254 aaamruroauu
670 202 780 253 marm
797 202 859 255 ΧΠ.
1058 198 1122 264 169

104 366 219 409 uarum
244 343 342 409 etiam
365 345 472 409 minus
496 348 558 426 est3
587 343 673 428 quod
696 343 767 409 fieri
790 365 858 408 non
879 348 998 427 potest.
1044 366 1122 429 ergo

104 473 173 517 non
196 453 247 516 est
269 454 306 514 ut
328 453 449 516 ABF:
464 453 580 533 ΔΕΖ,
603 449 651 513 ita
674 449 818 533 pyramis
837 453 981 514 ΑΒΓΗ
999 450 1040 516 ad
1063 451 1122 515 mi-

105 578 168 623 nus
196 556 327 641 aliquod
350 553 519 640 pyramide
543 558 680 619 ΔΕΖΘ
704 554 852 619 solidum.
899 554 1049 620 similiter
1071 555 1123 622 de·

452 661 722 745 monstrabimus,
753 681 794 724 ne
828 665 962 726 ΔΕΖΘ
994 662 1125 745 quidem

128 725 358 905 Α.
452 766 654 850 pyramidem
679 767 719 832 ad
742 768 849 832 minus
874 768 1006 853 aliquod
1028 790 1124 852 pyra·

118 795 167 988 Ι
354 910 395 991 V
453 872 538 937 mide
556 877 700 939 ΑΒΓΗ
714 874 855 940 solidum
875 896 946 940 eam
965 873 1125 938 rationem

452 978 572 1044 habere
597 1001 694 1064 quam
719 985 821 1045 ΔΕΖ
836 1004 843 1045 :
858 985 965 1047 ΑΒΓ.

176 1084 247 1149 Iam
271 1085 355 1169 dieo,
383 1106 424 1148 ne
452 1085 493 1150 ad
521 1086 627 1151 maius
651 1088 781 1171 quidem
805 1086 936 1170 aliquod
959 1086 1126 1170 pyramide

109 1195 246 1256 ΔΕΖΘ
264 1190 404 1256 solidum
422 1192 627 1276 pyramidem
641 1196 785 1258 ΑΒΓΗ
799 1215 870 1258 eam
889 1192 1049 1257 rationem
1068 1191 1126 1255 ha-

108 1298 186 1362 bere
210 1319 306 1381 quam
329 1299 435 1362 ΑΒΓ
444 1320 451 1362 :
467 1301 576 1362 ΔΕΖ.

176 1403 263 1470 Nam
291 1402 319 1468 si
345 1403 417 1467 fieri
439 1406 561 1487 potest,
588 1404 710 1469 habeat
737 1405 778 1469 ad
805 1406 911 1471 maius
935 1405 1126 1498 aliquodjl.

112 1509 318 1574 econtrario
341 1509 444 1592 igitur
469 1509 522 1592 [V‚
547 1512 565 1575 7
591 1512 716 1593 coroll]

358 1619 883 1682 AEZ:ABF=X:ABPH.

111 1743 226 1787 uerum
250 1723 288 1786 ut
310 1725 362 1786 X:
377 1725 530 1807 ΑΒΓΗ,
557 1723 605 1788 ita
628 1727 763 1792 ΔΕΖΘ
786 1723 934 1810 pyramis
958 1723 997 1788 ad
1021 1724 1127 1788 minus

112 1827 238 1913 aliquid
260 1827 428 1911 pyramide
447 1831 598 1912 ΑΒΓΗ,
622 1833 659 1895 ut
682 1852 781 1914 supra
802 1829 1057 1895 demonstratum
1078 1833 1128 1893 est

112 1937 218 2018 [prop.
241 1932 274 1998 ΙΙ
297 1935 442 2015 lemma}
492 1955 590 2018 quare
621 1936 721 2000 etiam
744 1939 782 2001 ut
806 1937 1053 2016 AEZ2ABI',
1081 1934 1128 1998 ita

110 2041 255 2126 pyramis
280 2044 413 2105 ΔΕΖΘ
440 2039 482 2105 ad
505 2041 612 2105 minus
641 2041 764 2125 aliquid
787 2041 954 2125 pyramide
977 2043 1127 2124 ABFH3

111 2147 199 2232 quod
227 2147 402 2212 absurdum
431 2167 501 2211 asse
529 2146 832 2213 demonstrauimus.
881 2148 991 2230 itaque
1018 2167 1059 2210 ne
1087 2145 1128 2210 ad

112 2254 220 2318 maius
244 2253 374 2337 quidem
397 2252 529 2337 aliquod
551 2254 721 2338 pyramide
744 2258 878 2318 ΔΕΖΘ
906 2252 1045 2318 solidum
1069 2274 1129 2336 py-

111 2360 214 2424 ramis
228 2361 373 2424 ABI'H
387 2381 458 2423 aam
477 2360 638 2425 rationem
649 2352 753 2426 habet
768 2383 864 2445 quam
878 2364 944 2426 AB
950 2363 982 2424 Γ
991 2382 999 2424 :
1014 2362 1128 2424 ΔΕΖ.

113 2463 409 2531 demonstrauimus
442 2470 563 2548 autem,
601 2488 671 2530 eam
704 2487 744 2530 ne
781 2467 822 2531 ad
858 2467 966 2530 minus
1000 2465 1129 2550 quidem

112 2572 200 2637 hane
222 2571 342 2637 habere
365 2572 534 2637 rationem.
572 2573 635 2636 erit
655 2573 759 2657 igitur

302 2680 940 2762 A3r2AEZ=ABPH2AE203

114 2783 203 2868 quod
227 2787 296 2849 erat
319 2782 614 2850 demonstrandum.

595 2976 652 3042 VI.

182 3101 369 3185 Pyramides
389 3101 448 3166 sub
470 3101 581 3166 eadem
600 3101 771 3166 altitudine
791 3103 825 3164 et
838 3100 1021 3184 polygonus
1035 3096 1130 3162 bases

112 3208 273 3273 habentes
304 3229 376 3273 eam
403 3207 489 3272 inter
517 3207 734 3272 serationem
761 3207 883 3272 habent
907 3227 1002 3290 quam
1026 3204 1130 3269 bases.

116 3389 159 3438 17.
178 3384 337 3453 πυραμίδος
356 3378 471 3451 στερεόν
490 3399 520 3450 q3
544 3378 658 3451 στερεόν
677 3382 740 3436 add
759 3400 795 3436 m.
816 3389 831 3436 2
851 3383 884 3437 V.
976 3386 1018 3434 21.
1039 3376 1118 3451 βάσις

114 3471 215 3580 qplprqy
226 3470 277 3509 aar.
300 3472 337 3510 m.
359 3460 372 3508 1
392 3454 423 3509 P.
541 3459 584 3510 25.
607 3455 765 3523 πυραμίδες
793 3444 876 3507 οὖσαι
893 3451 925 3506 Β.
1035 3442 1118 3505 οὖσαι
