2468 3952
377 195 653 246 mauauroaun
670 195 780 245 urana
797 195 858 246 ΧΗ.
1058 190 1124 256 223

144 352 150 362 ’
177 336 250 405 Sint
274 339 423 422 aequales
452 337 524 402 coni
547 341 580 402 et
603 337 750 422 cylindri,
779 359 916 421 quorum
939 339 1035 403 bases
1059 339 1126 404 sint

108 446 224 512 circuli
248 447 394 527 ΑΒΓΔ,
424 444 572 526 ΕΖΗΘ,
601 443 750 508 diametri
778 446 888 508 autem
916 465 1028 509 eorum
1052 448 1125 528 ΑΓ,

108 557 193 637 ΕΗ,
216 573 291 616 axes
311 549 420 616 autem
434 554 512 634 ΚΔ,
536 553 627 635 ΜΝ,
651 551 706 634 qui
724 550 822 615 iidem
842 550 1029 615 altitudines
1048 555 1125 617 sunt

108 680 266 724 concrum
275 658 329 723 uel
340 657 568 741 cylindrorum,
579 660 611 720 et
621 657 812 743 expleantur
822 655 1045 740 cylindriAE,
1056 660 1124 722 ΕΟ.

108 765 191 850 dico,
205 765 425 849 cylindrorum
435 769 467 827 A
472 763 512 847 Ξ,
527 767 586 827 ΕΟ
595 762 691 827 bases
701 763 735 826 in
745 763 909 827 contraria
918 763 1044 827 ratione
1054 785 1125 828 esse

107 874 207 956 atqua
222 869 420 954 altitudines,
434 873 467 933 et
482 889 552 934 esse
567 871 700 932 ΑΒΓΔ
714 892 722 933 :
737 872 872 933 ΕΖΗΘ
882 899 924 920 =
935 873 1015 933 MN
1028 891 1036 932 ι
1050 873 1124 933 ΚΔ.

175 998 251 1042 nam
275 975 413 1040 altitudo
438 979 508 1039 ΔΚ
535 979 591 1039 aut
615 974 758 1058 aequalis
783 978 833 1038 cst
856 974 1022 1039 altitudini
1045 978 1127 1040 MN

111 1087 169 1150 aut
195 1105 262 1148 non
290 1082 445 1167 aequalis.
490 1082 581 1166 prius
610 1083 654 1147 sit
683 1081 837 1165 aequalis.
883 1103 996 1146 uerum
1025 1083 1124 1146 ctiam

107 1193 176 1264 ΑΞ
188 1220 230 1244 --·
245 1193 318 1254 EO.
364 1189 437 1253 coni
465 1192 575 1253 autem
598 1192 631 1252 et
653 1187 804 1272 cylindri,
833 1187 888 1272 qui
911 1187 1045 1252 eandem
1067 1189 1124 1252 ha-

107 1298 188 1362 bent
212 1296 429 1374 altitudinem,
452 1297 631 1360 eamvinter
655 1315 689 1358 sc
707 1294 867 1357 rationem
885 1293 1009 1359 habent
1028 1316 1124 1377 quam

107 1405 204 1469 bases
239 1406 343 1487 [prop.
375 1400 447 1483 XI].
502 1401 612 1483 itaque
645 1399 744 1464 etiam
775 1402 908 1464 ΑΒΓΔ
923 1429 965 1452 =
979 1404 1123 1467 ΕΖΗΘ.

108 1531 209 1595 quare
233 1510 333 1575 etiam
355 1509 390 1572 in
412 1507 575 1573 contraria
597 1506 723 1571 ratione
748 1510 798 1569 est
817 1509 950 1571 ΑΒΓΔ
965 1531 971 1571 :
987 1511 1125 1571 ΕΖΗΘ

63 1628 66 1633 ’
107 1647 151 1670 =
166 1619 250 1682 MN
261 1618 356 1681 εΚΑ.
408 1614 475 1678 iam
503 1633 580 1677 uero
608 1633 649 1675 nc
673 1612 717 1675 sit
740 1614 811 1675 ΔΚ
824 1641 866 1664 =
883 1615 974 1697 MN,
1001 1614 1056 1677 sed
1081 1614 1124 1679 sit

107 1726 231 1796 MN>
242 1726 273 1787 Α
278 1725 313 1786 Κ
318 1773 326 1806 ,
341 1724 374 1785 ct
388 1720 429 1785 ab
444 1718 617 1784 altitudine
627 1721 710 1781 MN
720 1716 886 1782 altitudini
899 1721 965 1782 ΚΛ
979 1720 1123 1802 aequalis

107 1829 316 1894 abscindatur
344 1828 432 1908 HN,
464 1827 497 1888 et
528 1845 586 1906 per
612 1828 651 1887 Π
678 1826 833 1906 punctum
867 1823 1030 1907 cylindrus
1058 1828 1124 1889 EO

108 2453 210 2536 plano
239 2459 340 2522 m
359 2459 468 2544 planis
492 2461 686 2525 circulorum
711 2466 861 2547 ΕΖΗΘ,
883 2467 945 2528 PO
966 2464 1123 2548 parallelo

107 2567 247 2649 secetur,
278 2569 310 2629 et
338 2566 502 2650 cylindrus
525 2567 668 2652 fingatur
690 2571 760 2632 ΕΣ
785 2568 892 2633 basim
916 2569 1039 2636 habens
1064 2573 1124 2636 cir-

107 2671 216 2735 culum
240 2675 391 2757 ΕΖΗΘ,
425 2674 628 2738 altitudinem
652 2678 760 2739 autern
784 2657 867 2740 NH.
914 2680 946 2741 et
970 2677 1123 2760 quoniam

107 2777 176 2852 ΑΞ
188 2807 230 2830 =
245 2782 321 2862 EO,
345 2779 407 2843 erit
422 2779 488 2855 ΑΞ
501 2803 508 2843 :
523 2784 591 2844 ΕΣ
604 2810 646 2832 =
661 2784 728 2845 EO
743 2808 750 2844 :
765 2785 835 2846 ΕΣ
856 2781 910 2865 [V,
930 2783 974 2863 71.
1010 2805 1123 2848 uorum

109 2971 152 3025 17.
170 2971 271 3024 καί-
292 2976 333 3026 18.
354 2971 486 3043 HN]'P,
505 2972 528 3024 B
547 2990 603 3042 mg.
622 2990 659 3026 m.
679 2977 705 3041 2,
724 2973 749 3027 V
769 2973 816 3042 (ιῷ
838 2989 906 3027 corr.
927 2991 961 3028 cx
977 2969 1019 3041 τό,
1038 2970 1070 3027 τό
1089 2991 1123 3028 ex

106 3041 146 3113 τῷ
165 3059 200 3095 m.
221 3048 250 3108 23
274 3045 344 3096 HM
359 3060 409 3131 pro
429 3046 504 3111 ΠΝ,
530 3043 578 3098 sed
597 3046 663 3097 Mc
682 3060 751 3098 corr.
771 3061 807 3098 m.
823 3046 864 3112 2)3
889 3043 937 3097 καὶ
956 3045 1063 3098 κείσθω
1082 3045 1120 3114 τῷ

105 3115 164 3166 ΛΚ
180 3108 249 3182 ὕψει
267 3114 330 3168 ἴσον
347 3134 380 3168 το
401 3115 506 3168 ΠΜΒ
524 3114 554 3168 in
571 3116 660 3180 textu,
683 3133 702 3182 q
721 3115 769 3183 (τῶ
788 3118 854 3169 ΠΗ
868 3131 919 3184 pro
938 3112 970 3169 τὸ
990 3117 1078 3184 ΠΜ),
1096 3115 1122 3169 V

104 3183 136 3236 in
154 3184 235 3239 textu
252 3188 317 3253 post
335 3185 385 3239 καὶ
403 3180 565 3256 ἀφῃρήσθω
585 3217 618 3224 -
637 3183 669 3238 τὸ
689 3189 768 3253 HM,
787 3187 836 3239 sed
854 3185 968 3255 punctis
987 3186 1041 3240 del.

107 3259 150 3308 19.
170 3256 239 3327 ΕΟ]
260 3257 285 3310 Ο
301 3255 332 3310 in
349 3273 402 3310 ras.
422 3273 458 3310 m.
478 3263 494 3310 2
513 3255 544 3321 R.
619 3257 723 3327 ΤῬΣ]
746 3260 771 3310 Γ
788 3273 857 3312 eras,
878 3255 907 3312 Ρ.
989 3261 1032 3311 20.
1051 3275 1123 3322 παρ·

105 3325 216 3398 attrito
240 3322 301 3380 ὄντι
323 3334 381 3389 τοῖς
405 3321 578 3382 ἀπεναντίον
602 3322 749 3389 ἐπιπέδοις
771 3329 827 3381 τῶν
847 3330 977 3395 ΕΖΗΘ,
1004 3329 1056 3382 ΡΟ
1074 3324 1123 3382 κύ-

105 3400 189 3450 κλων.
222 3398 274 3451 καί
289 3398 386 3454 Theon
404 3397 511 3466 (BVq).
584 3405 626 3452 22.
647 3401 712 3452 HN
728 3398 763 3465 P,
782 3402 850 3453 ΜΠ
867 3415 934 3454 corr.
955 3416 988 3454 cx
1007 3401 1069 3452 NH
1085 3417 1121 3457 m.

105 3472 123 3520 2
142 3467 176 3522 V.
263 3473 305 3522 23.
324 3469 392 3524 Post
410 3470 548 3542 κυλίνδρῳ
567 3469 631 3526 add.
651 3466 734 3533 ἄλλος
753 3468 786 3525 δι’
804 3490 845 3532 τις
864 3466 879 3524 ὁ
899 3473 957 3524 ΕΣ
973 3469 1123 3541 κύλινδρος

105 3538 173 3607 Vq,
192 3538 216 3591 B
234 3555 289 3608 mg.
310 3557 346 3594 m.
366 3546 391 3595 2.

1150 3714 1201 3723 ..Δ-
