2468 3952
139 207 205 271 372
539 205 721 257 εεειιοοοι
740 205 761 255 1.

249 389 327 450 Τοῦ
351 387 371 468 μ
395 379 653 468 θεωρήματος
675 378 695 464 ή
720 374 917 454 ἀνάλυσις
939 376 1004 442 καὶ
1028 373 1050 462 ή

550 486 750 563 σύνθεσις.

207 610 338 680 Εὐθεῖα
361 610 426 697 γὰρ
452 608 625 698 γραμμήή
646 615 712 675 AB
731 605 837 694 ἄκρον
856 607 911 673 καὶ
930 607 1034 692 μέσον
1053 607 1162 692 λόγον

139 717 314 804 τετμήσθω
337 720 423 785 κατὰ·
443 715 481 784 τὸ
501 723 533 783 Γ
552 729 701 801 σημεῖον,
723 713 780 781 καὶ
804 719 887 781 ἔστω
911 719 1024 799 μεῖζον
1047 722 1161 798 τμῆμα

105 824 161 911 ὁή
185 828 261 908 AF,
289 824 345 890 καὶ
368 833 427 908 τῆς
449 827 518 889 ΑΓ
536 818 670 907 ήμίσεια
692 820 714 907 ή
738 825 813 886 FA·
842 821 942 904 λέγω,
967 819 1019 886 ὅτι
1041 843 1160 886 πεντα-

139 929 285 999 πλάσιόν
308 931 378 997 ἐστι
400 927 437 996 τὸ
463 925 529 995 ἀπὸ
553 937 612 1014 τῆς
634 934 699 994 BA
721 937 782 994 τοῦ
806 923 871 993 ἀπὸ
893 936 952 1011 τῆς
974 931 1045 992 ΓΔ.

204 1035 293 1103 Ἐπεὶ
321 1034 386 1121 γὰρ
410 1033 657 1101 πενταπλάσιόν
686 1031 815 1100 ἔστιτὸ
839 1030 905 1100 ἀπὸ
929 1041 988 1117 τῆς
1010 1037 1074 1098 BA
1098 1041 1161 1098 τοῦ

140 1141 206 1211 ἀπὸ
233 1153 292 1228 τῆς
319 1148 400 1225 ΓΔ,
427 1139 465 1208 τὸ
496 1139 534 1208 δὲ
561 1137 627 1206 ἀπὸ
654 1149 713 1225 τῆς
737 1145 803 1205 AB
831 1141 869 1205 τὸ
898 1134 963 1204 ὑπὸ
986 1147 1054 1204 τῶν
1079 1144 1161 1220 AB,

22 1303 27 1312 .
140 1255 207 1316 ΒΓ
230 1249 299 1315 ἐστι
326 1245 406 1333 μετὰ
434 1257 497 1315 τοῦ
524 1243 589 1313 ἀπὸ
619 1250 701 1330 AF,
730 1243 768 1313 τὸ
797 1243 864 1331 ἄρα
891 1240 957 1310 ὑπὸ
985 1249 1066 1326 AB,
1099 1249 1166 1310 ΒΓ

80 1373 123 1429 ,ιο
142 1354 222 1440 μετὰ
249 1363 310 1420 τοῦ
340 1333 505 1420 ἄτὸἏΓ
527 1350 774 1421 πενταπλάσιόν
802 1341 872 1418 ἐστι
898 1360 959 1417 τοῦ
990 1346 1055 1415 ἀπὸ
1081 1353 1160 1415 AF·

143 1457 287 1527 διελόντι
311 1457 349 1525 τὸ
374 1457 440 1544 ἄρα
462 1456 529 1527 ὑπὸ
548 1466 633 1544 AB,
655 1465 684 1525 Β
691 1463 722 1525 Γ
741 1455 983 1543 τετραπλάσιόν
1006 1456 1076 1522 ἐστι
1100 1464 1161 1521 τοῦ

142 1563 208 1633 ἀπὸ
233 1570 307 1633 ΔΓ.
348 1575 393 1656 τῷ
418 1564 456 1632 δὲ
478 1561 544 1632 ὑπὸ
568 1572 650 1649 AB,
673 1572 739 1632 ΒΓ
759 1573 835 1631 ῐσον
859 1563 927 1630 ἐστὶ
950 1559 987 1629 τὸ
1013 1559 1078 1627 ἀπὸ
1104 1571 1163 1646 τῆς

142 1679 174 1739 A
180 1678 222 1739 Γ·
246 1669 268 1758 ή
286 1670 350 1757 γὰρ
369 1678 438 1738 ΑΒ
457 1669 564 1758 ἄκρον
582 1671 638 1737 καὶ
657 1671 761 1758 μέσον
779 1671 885 1755 λόγον
903 1670 1059 1754 τέτμηται
1076 1664 1160 1734 κατὰ

142 1777 179 1845 τὸ
200 1783 237 1846 Γ.
264 1775 301 1844 τὸ
325 1775 391 1863 ἄρα
410 1774 476 1845 ἀπὸ
500 1787 559 1863 τῆς
577 1782 646 1844 AF
664 1775 907 1863 τετραπλάσιόν
926 1777 995 1842 ἐστι
1013 1784 1075 1842 τοῦ
1095 1771 1161 1841 ἀπὸ

90 1902 124 1952 15
145 1889 219 1952 AF.
265 1888 335 1951 ἔστι
358 1885 409 1950 δέ·
433 1887 532 1968 θιπλή
557 1881 621 1966 γὰρ
645 1879 666 1968 ή
689 1888 758 1950 ΑΓ
776 1892 835 1967 τῆς
859 1886 932 1948 AF.

516 2077 564 2144 ‘H
583 2077 782 2154 σύνθεσις.

207 2200 296 2269 Ἐπεὶ
328 2205 428 2287 διπλῆ
461 2203 552 2269 ἐστιν
584 2199 605 2286 ή
633 2207 702 2268 AF
724 2210 783 2285 τῆς
811 2204 887 2281 AF,
919 2195 1163 2282 τετραπλάσιόν

145 2309 214 2374 ε’στι
244 2305 282 2373 τὸ
316 2304 380 2374 ιἰτιὸ
410 2314 480 2375 AF
506 2318 568 2374 τοῦ
596 2305 661 2375 ἀπὸ
691 2312 766 2376 AF.
811 2302 896 2372 ἀλλὰ
927 2314 973 2395 τῷ
1001 2301 1068 2370 ιἰτιὸ
1097 2308 1166 2371 AF

146 2420 222 2478 ἴσον
253 2413 323 2479 ἐστὶ
353 2413 391 2479 τὸ
419 2411 485 2481 ὑπὸ
514 2420 596 2496 AB,
628 2418 702 2480 ΒΓ·
736 2410 774 2479 τὸ
802 2409 868 2498 ἄρα
895 2410 961 2478 ὑπὸ
990 2417 1072 2494 AB,
1101 2414 1167 2476 BF

93 2536 128 2586 20
146 2516 387 2602 τετραπλάσιόν
411 2520 480 2586 ἐστι
503 2528 564 2586 τοῦ
587 2515 652 2585 οάιὸ
671 2524 746 2586 AF.
775 2517 935 2586 συνθέντι
953 2514 992 2584 τὸ
1010 2513 1077 2602 ἄρα
1095 2512 1162 2584 ὑπὸ

147 2631 225 2710 AB,
253 2629 321 2692 BF
342 2622 423 2710 μετὰ
451 2635 511 2692 τοῦ
535 2621 599 2692 ἀπὸ
624 2628 702 2708 AF,
730 2620 811 2709 ὅπερ
835 2623 904 2692 ἐστὶ
926 2621 964 2690 τὸ
989 2620 1055 2689 ἀπὸ
1079 2629 1162 2706 AB,

146 2730 394 2798 πενταπλάσιόν
418 2732 486 2798 ἐστι
509 2740 571 2797 τοῦ
595 2727 659 2798 ἀτὸ
684 2734 763 2797 AF·
801 2727 882 2814 ὅπερ
906 2733 973 2796 ἔδει
997 2730 1114 2811 δεῖξαι.

257 2930 334 2991 Τοῦ
359 2913 387 2992 θ
402 2923 663 3012 θεωρήματος
685 2921 706 3010 ή
729 2920 923 3004 ἀνάλυσις
945 2923 1010 2991 καὶ
1033 2921 1054 3011 ή

553 3030 755 3110 σύνθεσις.

96 3171 130 3221 25
216 3151 347 3222 Εὐθεῖα
369 3153 433 3242 γοὶρ
457 3153 589 3241 γραμμή
614 3152 715 3240 ήΑΒ
739 3156 844 3242 ἄκρον
862 3154 918 3221 καὶ
937 3155 1040 3241 μέσον
1060 3153 1165 3240 λόγον

26 3300 38 3324 .
148 3263 322 3348 τετμήσθω
346 3259 428 3329 κατὰ
449 3261 487 3328 τὸ
511 3268 549 3346 F,
572 3262 627 3329 καὶ
651 3266 733 3329 ἔστω
757 3268 868 3347 μεῖζον
891 3270 1002 3347 τμήμα
1024 3262 1063 3328 τὸ
1085 3268 1163 3328 AF·

222 3461 246 3510 1.
264 3452 296 3526 ή]
316 3456 388 3524 (alt.)
407 3472 460 3511 om.
479 3472 506 3522 q.
597 3462 621 3509 3.
641 3451 707 3525 γάρ]
728 3471 781 3511 om.
800 3455 850 3526 bq.
942 3451 1037 3525 λόγον]
1058 3471 1112 3510 om.
1133 3455 1163 3512 P.

57 3492 144 3688 Ὗ
221 3526 622 3596 8.AB]ecorr.V,BAq.
697 3525 1161 3597 9.BP]corr.exAPm.2B.
