2468 3952
142 209 186 274 58
513 210 716 263 ΣΤΟΙΧΕΙΩΝ
734 205 785 265 ια’.

203 348 333 418 ’Ἅπασα
356 349 423 439 ἄρα
446 350 562 437 στερεά
585 357 693 436 γωνία
715 347 781 418 ὑπὸ
806 348 1000 419 ἐλασσόνων
1019 348 1070 435 [ἤ]
1090 369 1162 416 τεσ-

144 457 259 543 σάρων
284 455 401 542 όρθων
424 467 558 543 γωνιῶν
582 458 747 525 ἐπιπέδων
766 456 962 544 περιέχεται·
985 453 1067 542 ὅπερ
1093 458 1161 523 ἔδει

145 565 260 644 δεῖξαι.

617 721 683 808 νβ’.

107 882 125 931 ο
209 861 296 931 Ἐάν
324 856 396 932 άσι
423 875 529 950 τρεῖς
556 868 698 949 γωνίαι
722 865 919 948 ἐπίπεδοι,
943 853 997 930 τόν
1022 864 1065 929 αί
1085 862 1160 931 δύο

143 974 210 1058 τῆς
233 977 374 1057 λοιπῆς
400 970 578 1056 μείζονές
601 973 679 1037 εἰσι
705 968 834 1057 πάντῃ
859 968 1160 1055 μεταλαμβανό-

145 1103 275 1165 μεναι,
299 1078 511 1164 περιέχωσι
535 1075 577 1143 δὲ
600 1073 720 1154 αὐτάς
741 1083 824 1143 ίσαι
843 1070 1018 1161 εὐθεῖαι,
1043 1079 1162 1143 δυνα-

144 1183 213 1252 τόν
237 1183 346 1249 ἐστιν
370 1185 410 1251 ἐκ
432 1187 508 1252 τῶν
532 1184 879 1269 ἐπιζευγνυουσῶν
897 1178 965 1261 τὰς
988 1189 1075 1262 ἴσας
1099 1179 1161 1250 εό-

144 1295 260 1368 θείας
281 1293 479 1374 τρίγωνον
503 1288 788 1375 συστήσασθαι.

92 1411 126 1462 10
202 1393 378 1462 Ἔστωσαν
391 1408 479 1482 τρεῖς
492 1399 614 1482 γωνίαι
627 1397 778 1463 ἐπίπεδοι
791 1397 830 1462 αί
841 1394 907 1463 ὑπὸ
922 1404 954 1462 Α
959 1399 1032 1481 ΒΓ,
1043 1403 1077 1462 Δ
1082 1403 1114 1463 Ε
1119 1402 1147 1462 Ζ
1152 1447 1162 1481 ,

145 1507 265 1586 ΗΘΚ,
300 1491 350 1568 ὦν
382 1502 420 1567 αί
450 1499 513 1568 δύο
545 1505 604 1588 τῆς
635 1504 754 1588 λοιπῆς
786 1503 933 1587 μείζονές
960 1506 1023 1570 είσι
1052 1501 1161 1590 πάντῃ

145 1604 493 1695 μεταλαμβανόμεναι,
522 1610 560 1673 αί
580 1607 641 1694 μὲν
664 1604 730 1675 ὑπὸ
753 1613 868 1692 ΑΒΓ,
893 1614 992 1675 ΔΕΖ
1015 1616 1074 1693 τῆς
1097 1603 1162 1674 ὑπὸ

145 1718 265 1798 ΗΘΚ,
294 1713 332 1779 αί
357 1711 396 1779 δὲ
422 1708 487 1780 ὑπὸ
517 1720 633 1799 ΔΕΖ,
661 1719 769 1781 ΗΘΚ
794 1717 853 1799 τῆς
875 1709 940 1781 ὑπὸ
965 1718 1079 1798 ΑΒΓ,
1107 1713 1164 1779 καί

145 1825 193 1888 ἔτι
216 1821 254 1886 αι’
274 1815 340 1886 ὑπὸ
364 1824 486 1904 ΗΘΚ,
505 1825 609 1887 ΑΒΓ
627 1823 686 1906 τῆς
708 1816 775 1887 ὑπὸ
795 1826 910 1904 ΔΕΖ,
933 1820 989 1887 καὶ
1013 1823 1164 1888 ἔστωσαν

92 1944 125 1994 Ῑό
145 1936 215 1995 ίσαι
244 1929 281 1992 ac
302 1933 383 2012 ΑΒ,
410 1932 488 2011 ΒΓ,
518 1933 601 2011 ΔΕ,
629 1932 707 2010 ΕΖ,
735 1933 819 2010 ΗΘ,
842 1931 911 1992 ΘΚ
932 1923 1079 2012 εὐθεῖαι,
1106 1926 1163 1993 καὶ

146 2031 398 2119 ἐπεζεύχθωσαν
421 2034 459 2099 αί
479 2038 558 2117 ΑΓ,
583 2039 664 2118 ΔΖ,
687 2039 725 2099 Η
731 2038 777 2099 Κ·
806 2034 907 2118 λέγω,
938 2031 990 2100 ὅτι
1014 2032 1162 2102 δυνατόν

146 2142 236 2208 ἐστιν
260 2139 296 2205 ἐκ
318 2140 386 2204 τῶν
410 2145 494 2205 ίσων
516 2150 589 2218 ταῖς
612 2144 692 2223 ΑΓ,
717 2145 800 2224 ΔΖ,
819 2144 895 2206 ΗΚ
915 2143 1082 2226 τράγωνον
1105 2159 1163 2208 συ-

145 2242 350 2330 στήσασθαι,
381 2244 552 2311 τουτέστιν
584 2242 635 2312 ότι
666 2248 735 2312 των
767 2250 846 2329 ΑΓ,
880 2252 961 2331 ΔΖ,
993 2252 1068 2313 ΗΚ
1099 2246 1162 2315 δύο

145 2349 325 2420 ὁποιαιοῦν
348 2354 406 2436 τῆς
429 2354 548 2437 λοιπῆς
570 2352 716 2437 μείζονές
738 2356 832 2418 εἰσιν.

90 2475 127 2524 20
214 2461 259 2523 ,ω
284 2455 346 2543 μὲν
373 2447 437 2523 οὖν
465 2457 502 2522 αι
526 2455 592 2523 ὑπὸ
617 2463 733 2542 ΑΒΓ,
762 2465 879 2543 ΔΕΖ,
907 2463 1015 2525 ΗοΚ
1041 2463 1163 2544 γωνίαι

147 2573 217 2631 ίσαι
240 2559 400 2648 ἀλλήλαις
422 2566 520 2648 είσίν,
543 2562 705 2649 φανερόν,
734 2560 786 2629 ὅτι
808 2563 864 2630 καὶ
887 2568 955 2632 τῶν
976 2569 1056 2650 ΛΓ,
1081 2573 1114 2632 Δ
1120 2571 1163 2649 Ζ,

146 2675 221 2736 ΗΚ
241 2676 325 2736 ίσων
348 2668 538 2754 γινομένων
562 2670 709 2738 δυνατόν
734 2669 824 2736 ἐστιν
848 2672 884 2738 έιι
902 2673 969 2738 τῶν
989 2678 1073 2738 ίσων
1091 2684 1164 2750 ταῖς

146 2782 226 2862 ΑΓ,
264 2781 347 2861 ΔΖ,
384 2779 460 2841 ΗΚ
488 2779 655 2862 τρίγωνον
690 2775 932 2862 συστήσασθαι.
978 2781 1009 2844 εἰ
1041 2776 1078 2844 δὲ
1110 2775 1163 2861 οὕ,

218 2976 243 3024 1.
262 2966 331 3042 ἄρα]
353 2987 437 3040 supra
456 2986 508 3024 sor.
526 2988 563 3023 m.
584 2976 598 3024 1
618 2971 649 3027 P.
721 2966 778 3025 ὑπό
794 3002 827 3010 -
842 2977 867 3026 3.
887 2971 1006 3042 ἃεῑξαι]ι
1024 2994 1060 3018 ω
1074 2971 1108 3030 V.

151 3046 175 3098 1.
194 3037 226 3114 ἥ]
245 3043 346 3111 postea
364 3041 428 3096 add.
447 3059 484 3096 m.
506 3046 520 3094 1
539 3039 569 3096 P.
678 3047 702 3096 7,
722 3040 888 3112 περιέχωσιν
908 3041 939 3111 Ρ,
957 3039 1119 3111 περιέχουσι
1132 3042 1163 3096 F.

254 3117 279 3168 8.
304 3113 395 3182 Supra
418 3113 480 3175 ίσας
505 3111 568 3166 add.
587 3113 692 3181 γωνίας
710 3130 746 3168 m.
767 3118 783 3166 2
802 3112 837 3181 Β,
866 3112 920 3167 del.
944 3131 980 3167 m.
999 3130 1054 3167 rec.

147 3180 277 3253 εὐθείας]
297 3184 402 3252 γωνίας
420 3178 545 3238 εὐθειῶν
564 3183 597 3237 V.
704 3189 746 3238 11.
766 3182 833 3256 είσι]
853 3181 978 3239 ἔστωσαν
995 3183 1079 3238 BFV
1098 3184 1163 3239 eth

149 3257 204 3320 (εσ-
222 3253 252 3306 in
270 3255 343 3321 ras.).
432 3258 473 3310 1⁶.
494 3248 620 3326 εὐθεῖαι]
640 3273 676 3309 m.
696 3270 750 3309 rec.
769 3254 804 3310 V.
888 3260 928 3310 17.
948 3251 1164 3324 σονστήσασθαι

148 3323 179 3386 Ρ,
198 3340 267 3378 corr.
286 3341 322 3377 m.
342 3329 366 3377 2.
455 3329 497 3378 18.
517 3318 572 3396 ὅτι]
593 3341 662 3381 corr.
683 3341 717 3380 ex
735 3321 767 3379 τό
786 3343 823 3382 m.
843 3331 859 3380 2
877 3325 907 3380 F.
991 3331 1032 3380 19.
1052 3327 1164 3396 μείζους

148 3393 182 3449 V.
247 3391 301 3448 είσι
319 3390 412 3465 πάντῃ
432 3393 717 3466 μεταλαμβανόμεναι
735 3395 832 3452 Theon
851 3395 986 3466 (BFVb).
1051 3402 1094 3451 21.
1111 3395 1164 3451 είσι

55 3488 59 3494 ·
148 3462 255 3520 ίσαιλῙ.
315 3462 399 3536 είσίν]
419 3464 574 3536 είσίΡΒὶ),
593 3482 682 3538 comp.
698 3468 742 3533 F.;
763 3482 816 3521 om.
832 3468 865 3522 V.
925 3473 968 3522 22.
988 3467 1163 3538 γιγνομένων

148 3535 180 3604 F,
198 3532 359 3605 γενομένων
380 3538 405 3592 b.
