2468 3952
132 202 173 266 76
504 203 704 254 Στοιεωιαα
723 199 773 255 π’.

130 342 171 410 τὰ
199 342 264 429 άρα
292 349 367 429 τρία
396 341 510 429 στερεὰ
537 341 577 409 τὰ
603 350 689 427 ΛΠ,
717 350 797 428 ΚΡ,
822 351 890 409 AY
910 350 966 410 ίσα
990 338 1149 428 ἀλλήλοις

132 451 231 517 ἐστίν.
282 447 338 516 διὰ
365 446 405 515 τά
434 447 517 517 αὐτὰ
546 448 588 535 δη
612 450 667 516 καὶ
694 446 735 516 τά
757 455 832 536 τρία
856 447 971 537 στερεά
996 447 1037 515 τὰ
1062 455 1147 532 ΕΔ,

133 563 227 643 ΔΜ,
248 563 325 623 ΜΤ
340 563 397 622 λ’σα
420 551 577 641 ἀλλήλοις
600 558 707 624 ἐστίν·
732 552 947 623 ὁσαπλασίων
970 553 1036 641 άρα
1056 554 1147 621 ἐστὶν

131 660 151 749 ἡ
181 669 245 728 ΛΖ
276 660 375 747 βάσις
405 666 463 747 της
490 669 554 727 ΑΖ
584 660 728 747 βάσεως,
760 661 1049 730 τοσαυταπλάσιόν
1079 663 1149 728 ἐστι

96 770 187 836 σταλ
214 766 251 835 τὸ
277 775 346 834 AY
370 765 507 851 στερεόν
533 778 594 835 τοῦ
617 777 686 835 AY
711 771 856 854 στερεοῦ.
907 765 964 835 διὰ
991 765 1031 835 τὰ
1061 764 1147 834 αὐτά

132 873 173 960 δὴ
204 874 417 941 ὁσαπλασίων
451 874 541 940 ἐστὶν
568 871 589 958 η
612 881 680 940 ΝΖ
709 874 806 958 βάσις
832 878 890 960 τῆς
918 881 980 940 ΖΘ
1007 874 1148 957 βάσεως,

131 978 420 1048 τοσαυταπλάσιόν
444 981 513 1046 ἐστι
534 981 590 1046 καὶ
612 979 650 1048 τὸ
671 987 710 1047 Ν
714 989 743 1046 Y
763 979 899 1067 στερεὸν
917 985 978 1048 τοῦ
998 988 1064 1046 ΘΥ
1080 1001 1149 1047 στε-

132 1090 221 1173 ρεοῦ.
270 1086 326 1152 καὶ
355 1091 385 1153 εί
412 1093 467 1172 ίση
500 1086 591 1154 ἐστὶν
619 1084 639 1173 ἡ
664 1094 729 1153 ΛΖ
757 1086 854 1172 βάσις
880 1091 920 1175 τη]
944 1093 1011 1154 ΝΖ
1040 1088 1149 1171 βάσει,

133 1202 208 1261 ίσον
233 1192 301 1260 ἐστὶ
324 1193 379 1259 καὶ
402 1190 440 1260 τὸ
464 1200 533 1259 AY
552 1193 688 1279 στερεὸν
711 1197 757 1284 τῷ
781 1200 819 1260 Ν
824 1201 854 1259 Y
873 1197 994 1283 στερεῷ
1002 1244 1011 1277 ,
1039 1194 1094 1260 καὶ
1119 1195 1150 1259 εί

80 1317 114 1367 10
132 1297 283 1385 ὑπερέχει
311 1296 331 1385 ἡ
356 1306 420 1365 ΛΖ
447 1298 545 1383 βάσις
571 1304 629 1386 τῆς
656 1308 724 1377 ΝΖ
746 1300 891 1386 βάσεως,
918 1298 1070 1386 ὑπερέχει
1093 1297 1148 1364 καὶ

133 1402 170 1472 τδ
194 1411 264 1470 AY
284 1403 419 1490 στερεὸν
442 1410 503 1472 τοῦ
526 1414 564 1472 Ν
570 1414 599 1472 Y
619 1409 771 1492 στερεοῦ,
794 1408 850 1473 καὶ
873 1411 904 1474 εί
926 1409 1078 1490 ἐλλείπει,
1098 1407 1148 1471 ε’λ-

133 1516 245 1578 λείπει.
292 1510 462 1596 τεσσάρων
496 1510 537 1598 δὴ
572 1510 683 1579 ὅντων
711 1517 876 1598 μεγεθῶν,
909 1513 972 1580 δύο
1002 1512 1065 1598 μὲν
1091 1512 1173 1596 βά·,

134 1639 219 1685 σεων
243 1621 311 1686 τῶν
336 1624 416 1702 ΑΖ,
444 1623 521 1701 ΖΘ,
550 1617 613 1686 δύο
643 1618 680 1686 δὲ
708 1623 852 1705 στερεῶν
879 1629 946 1686 τῶν
969 1627 1051 1703 AY,
1078 1625 1149 1701 ΤΘ,

134 1730 284 1809 εἴληπται
307 1722 415 1802 ίσάκις
437 1722 669 1790 πολλαπλάσια
692 1727 751 1809 της
773 1722 835 1809 μὲν
853 1732 885 1789 Α
891 1731 918 1789 Ζ
941 1725 1076 1807 βάσεως
1093 1725 1150 1791 καὶ

82 1849 114 1897 15
133 1833 194 1897 τοῦ
217 1836 288 1896 AY
307 1832 443 1917 στερεοῦ
466 1826 487 1913 ἦ
510 1855 545 1895 τε
569 1836 633 1895 ΛΖ
656 1828 754 1913 βάσις
775 1829 886 1896 καὶτὸ
911 1837 980 1896 AY
999 1829 1148 1915 στερεόν,

133 1940 191 2021 τῆς
219 1933 256 2003 δέ
284 1940 347 2001 ΘΖ
380 1932 508 2019 βάσεως
539 1935 595 2001 καλ
626 1938 688 2001 τοῦ
716 1942 783 2000 ΘΥ
807 1940 943 2021 στερεοῦ
971 1934 993 2023 η’
1023 1963 1057 2003 τε
1081 1942 1150 2001 ΝΖ

134 2041 231 2126 βάσις
253 2043 308 2108 καὶ
331 2039 369 2108 τὸ
390 2047 428 2107 Ν
433 2049 462 2106 Y
477 2040 623 2126 στερεόν,
646 2041 702 2106 καὶ
726 2041 903 2126 δέδεικται,
928 2040 979 2109 ὅτι
1003 2047 1034 2110 εί
1050 2040 1150 2128 ὑπερ-

134 2150 200 2232 έχει
233 2144 342 2232 ἡΛΖ
374 2145 472 2231 βάσις
497 2150 555 2231 τῆς
579 2153 648 2212 ΖΝ
673 2145 817 2231 βάσεως,
849 2144 1000 2235 ὑπερέχει
1028 2151 1083 2217 καὶ
1111 2147 1149 2216 τὸ

135 2260 166 2318 Λ
176 2260 204 2318 Y
223 2251 358 2337 στερεὸν
381 2255 443 2319 τοῦ
462 2259 500 2317 Ν
506 2260 535 2317 Y
555 2256 731 2338 [στερεοῦ],
754 2253 810 2319 καὶ
834 2257 865 2320 εί
888 2261 958 2341 ίση,
983 2264 1070 2342 λ’σον,
1093 2257 1150 2322 καὶ

81 2380 116 2428 20
135 2363 166 2426 εί
188 2360 339 2441 ἐλλείπει,
363 2359 513 2425 ἐλλείπει.
541 2362 632 2426 ἔστιν
654 2355 721 2446 άρα
746 2356 791 2437 ως
813 2356 834 2445 ἡ
859 2369 922 2427 ΑΖ
945 2360 1043 2446 βάσις
1065 2360 1149 2446 πρὸς

134 2462 195 2550 την
225 2471 285 2530 ΖΘ
312 2462 428 2550 βάσιν,
458 2464 564 2544 οὕτως
590 2463 627 2532 τὸ
652 2472 721 2530 AY
745 2463 881 2552 στερεδν
908 2465 991 2552 πρὸς
1020 2471 1058 2536 τὸ
1091 2473 1150 2532 ΥΘ

135 2568 282 2656 στερεόν·
308 2567 389 2657 ὅπερ
414 2574 482 2638 ἔδει
506 2573 618 2652 δεῖξαι.

609 2730 672 2802 κε’.

202 2835 310 2923 Πρὸς
337 2841 381 2925 τη
406 2841 573 2926 δοθείση
603 2837 744 2927 εὐθείᾳ
771 2841 908 2930 καὶτῷ
933 2836 1029 2924 πρὸς
1051 2835 1148 2926 αὐτῇ

82 2962 116 3011 25
136 2951 281 3035 σημείῳ
305 2948 348 3031 τῇ
374 2949 543 3034 δοθείση
569 2949 706 3033 στερεᾷ
730 2951 854 3036 γωνία
874 2953 965 3032 ι”σην
985 2947 1149 3032 στερεὰν

136 3057 283 3136 γωνίαν
309 3050 594 3136 συστήσασθαι.

208 3251 230 3299 1.
251 3241 322 3317 ἄρα]
348 3240 367 3300 ά
387 3262 471 3313 supra
489 3263 525 3298 m.
544 3261 599 3300 rec.
618 3245 653 3313 P;
677 3248 743 3315 post
761 3262 815 3300 ras.
835 3253 851 3300 2
870 3246 925 3301 litt.
944 3247 975 3299 F.
1066 3243 1114 3317 τά]
1135 3263 1150 3300 e

136 3333 204 3370 corr.
223 3315 256 3371 V.
311 3315 385 3439 [1Πέ
403 3321 468 3370 KH
484 3316 905 3400 FisupraAscrAmAb.
969 3314 1149 3404 ξέστίΒῨ,

135 3386 349 3511 ωηατ
364 3427 393 3509 ι·
485 3388 838 3529 νιηιιηαι
865 3391 1058 3514 λιιι]

134 3474 421 3583 διδοῦνταπλασίωνλ)
440 3533 469 3583 et
488 3502 590 3583 e⁶eorr.
610 3528 640 3582 P.
714 3537 737 3585 7.
758 3525 828 3601 ἐστι]
840 3501 932 3599 Ιειιρτε,
950 3501 987 3584 A.
1008 3538 1031 3584 1.
1041 3531 1072 3584 Ρ
