2468 3952
365 185 639 236 nnnuuuroauu
657 184 766 235 urana
784 187 832 239 nr.
1061 184 1104 248 93

524 361 673 448 rinna

160 486 271 553 Solida
293 487 568 572 parallelepipeda
593 487 626 550 in
645 487 834 571 aequalibus
853 489 986 554 basibus
1006 488 1105 553 eollo-

89 601 166 662 oata
189 598 222 659 et
244 594 379 660 eandem
403 593 608 658 altitudinem
627 593 782 657 habentia
801 596 885 659 inter
904 617 938 660 se
957 596 1105 679 aequalia

91 706 271 873 sum:Soulida
293 806 568 891 parallelepipeda
592 810 673 890 AE,
696 809 756 869 ΓΖ
779 807 813 870 in
838 807 1026 891 aequalibus
1050 809 1106 872 ba-

92 915 185 980 sibus
209 917 288 996 ΑΒ,
306 916 374 978 ΓΔ
397 912 556 978 collocata
579 912 712 976 eandem
731 913 938 978 altitudinem
955 914 1105 978 habeant.
1163 972 1170 985 ‚
1212 980 1216 987 ,

92 1022 176 1104 dieo,
199 1040 268 1085 esse
291 1023 360 1083 ΑΕ
372 1049 414 1071 =
430 1022 498 1083 ΓΖ.

16 1196 24 1207 .
160 1125 229 1191 Iam
253 1126 343 1209 prius
371 1129 477 1189 rectae
501 1125 680 1189 eminentes
703 1129 782 1209 ΘΚ,
809 1129 888 1208 ΒΕ,
911 1129 995 1208 ΑΗ,
1019 1130 1106 1209 ΛΜ,

94 1237 177 1316 ΟΠ,
197 1237 275 1316 ΔΖ,
295 1231 367 1314 ΓΞ,
386 1236 451 1295 ΡΣ
472 1231 512 1295 ad
530 1231 625 1295 bases
645 1240 676 1294 Α
682 1235 722 1315 Β,
742 1233 808 1296 ΓΛ
826 1233 1106 1317 perpendiculares

94 1339 171 1421 sint,
193 1344 226 1403 et
249 1342 338 1403 reeta
356 1341 420 1402 ΓΡ
439 1338 473 1400 in
496 1336 652 1431 directum
675 1338 880 1421 producatur,
904 1344 940 1402 ut
958 1338 1015 1402 fiat
1035 1342 1108 1422 PT,

91 1448 126 1510 et
159 1445 198 1509 ad
230 1448 352 1509 rectam
376 1447 440 1507 PT
469 1446 501 1507 et
528 1448 683 1527 punctum
712 1444 780 1508 eius
808 1448 837 1507 P
861 1445 980 1530 angulo
1005 1448 1107 1509 ΑΛΒ

96 1550 241 1635 aequalis
272 1554 478 1616 construatur
500 1556 521 1626 L
540 1554 637 1614 ΤΡΥ
662 1548 704 1633 [1,
726 1551 798 1633 23],
825 1555 858 1614 et
884 1555 1024 1635 ponatur
1049 1553 1112 1614 PT

93 1687 137 1710 =
153 1659 234 1738 ΑΛ,
253 1659 318 1718 ΡΥ
329 1685 371 1707 --
387 1660 465 1738 ΛΒ,
484 1659 517 1719 et
537 1656 723 1739 expleantur
737 1656 825 1720 basis
841 1661 905 1720 PX
920 1661 953 1720 et
967 1656 1107 1720 solidum

99 1769 176 1828 ΨΥ.
223 1766 256 1826 et
279 1761 432 1844 quoniam
456 1761 537 1826 duae
560 1765 668 1826 reatae
695 1766 766 1845 TP,
794 1767 859 1826 PT
878 1762 1001 1826 duabus
1025 1765 1107 1845 ΑΛ,

96 1875 127 1936 Λ
133 1873 161 1933 Β
176 1866 326 1951 aequales
341 1871 430 1948 sunt,
449 1871 481 1931 et
500 1868 638 1952 angulos
654 1868 803 1953 aequales
824 1867 1108 1951 comprehendunt,

93 1974 438 2061 parallelogrammum
452 1976 517 2037 PX
527 1973 833 2057 parallelogrammo
848 1978 913 2038 ΘΛ
927 1978 959 2038 et
974 1975 1107 2058 aequale

96 2086 129 2148 et
153 2081 258 2147 similo
283 2083 333 2143 est
360 2077 431 2161 [VL
447 2080 512 2160 14].
549 2082 582 2143 et
605 2100 715 2143 rursus
739 2082 892 2163 quoniam
907 2085 939 2144 A
945 2085 975 2144 Λ
986 2111 1028 2133 =
1039 2084 1108 2164 ΡΤ,

95 2192 178 2254 ΛΜ
187 2217 229 2240 =
246 2190 320 2269 ΡΣ,
348 2188 381 2249 et
407 2189 512 2249 raetos
537 2185 673 2269 angulos
698 2186 981 2271 comprehendunt,
1004 2189 1108 2270 paral-

93 2293 346 2378 lelogrammum
373 2294 446 2354 ΡΨ
470 2291 775 2375 parallelogrammo
804 2298 885 2358 AM
912 2294 1045 2378 aequale
1076 2299 1108 2358 et

94 2399 202 2465 simile
227 2404 276 2463 est
301 2396 380 2478 [id.].
417 2396 527 2460 eadem
550 2397 589 2462 de
613 2420 710 2463 eausa
734 2400 834 2464 etiam
853 2403 920 2463 ΛΕ
936 2401 1108 2484 parallelo-

94 2523 242 2591 grammo
271 2505 341 2566 ΣΥ
369 2506 402 2566 et
434 2504 566 2586 aequale
600 2508 632 2568 et
664 2504 769 2568 simile
799 2510 857 2570 est.
907 2506 1016 2591 itaque
1044 2507 1108 2571 tria

95 2610 404 2697 parallelogramma
437 2608 532 2673 solidi
562 2614 631 2673 ΑΕ
660 2611 763 2674 tribus
796 2612 1106 2697 parallelogrammis

96 2717 192 2784 solidi
211 2720 283 2780 ΨΥ
302 2719 336 2780 et
359 2716 507 2798 aequalia
526 2720 558 2780 et
578 2716 698 2780 similia
717 2706 802 2782 sunt
837 2740 950 2783 uerum
969 2720 1004 2783 in
1019 2724 1108 2785 utro-

112 2875 207 3000 ,ξι
221 2871 804 2997 narranseruar
827 2890 937 2999 urus
963 2874 1108 3000 rau

93 2961 189 3077 itala
206 2963 235 3083 7¹
252 3012 292 3083 (u
311 2984 386 3081 q'uoa
405 3013 440 3067 aa
455 3013 509 3067 rat.
529 2985 588 3068 siue
608 2960 802 3082 dupundi
821 2962 839 3069 i
857 2964 1108 3084 rtrlltnanltsd

93 3086 149 3141 nisi
172 3085 247 3210 quqd
271 3084 392 3208 soliqlum
410 3087 463 3137 ΑΕ
486 3084 526 3138 ibi
548 3102 605 3139 non
629 3084 698 3139 satis
721 3085 852 3140 adcurate
873 3086 1041 3155 descriptum
1062 3087 1108 3141 hic

93 3173 175 3212 emen
196 3172 213 3210 a
227 3174 274 3209 um
294 3172 344 3209 aa.

93 3297 370 3369 AA]Aeeorr.b.
425 3298 631 3422 atAMpAe
651 3314 718 3353 corr.
738 3300 764 3352 b.
820 3298 1106 3369 22.ZT]Tinras.

94 3368 126 3424 B.
181 3374 224 3424 23.
243 3364 278 3421 τὰ
298 3370 361 3434 τρία
375 3366 404 3421 F.
478 3373 521 3422 24.
557 3386 617 3422 στιν
631 3368 661 3422 Ρ.
735 3374 776 3424 25.
797 3367 860 3439 μέν]
877 3368 1109 3440 suprascr.Fet

95 3458 133 3494 m.
153 3444 169 3492 2
190 3439 218 3493 B.
274 3435 447 3493 ὑπεναντίον
462 3437 491 3492 F.
546 3440 619 3493 Ante
639 3442 687 3493 ἴσα
705 3439 734 3493 in
753 3439 772 3493 b
790 3437 825 3494 τὰ
841 3439 872 3495 δὲ
887 3441 951 3510 τρία
965 3441 1037 3509 τρισὶ
1050 3448 1108 3503 τοῖς

93 3505 266 3564 ὑπεναντίον
285 3511 313 3578 (o
332 3526 401 3565 corr.
420 3509 449 3563 in
468 3529 487 3562 α
505 3528 541 3564 m.
564 3514 589 3578 l)
608 3511 662 3565 dal.
682 3530 718 3564 rn.
738 3517 761 3564 2.
