2468 3952
458 217 642 269 APPENDIX
659 218 681 269 1.

369 553 498 639 Uulgo
520 553 569 618 XI
590 576 694 640 prop.
718 538 771 621 38.

130 676 165 743 Si
196 677 330 763 planum
362 678 402 743 ad
431 677 566 763 planum
597 678 865 764 perpendiculara
898 685 961 756 cst,
995 685 1028 746 et
1059 706 1079 748 a

59 788 182 871 puncto
211 784 321 870 aliquo
351 783 487 850 alterius
510 785 600 869 plani
623 785 664 850 ad
687 785 827 852 alterum
850 787 985 871 planum
1007 810 1079 872 per·

59 891 279 977 pendicularis
304 890 440 975 ducitur,
462 890 738 975 perpendicularis
762 891 859 957 ducta
881 893 915 958 in
939 915 1078 960 commu·

58 1020 137 1064 nem
159 998 333 1083 planorum
357 997 534 1062 sectionem
558 996 660 1064 cadet.

128 1103 215 1170 Nam
242 1104 377 1188 planum
399 1105 432 1168 Γ
428 1108 462 1167 Δ
490 1103 531 1169 ad
558 1104 694 1188 planum
717 1108 783 1169 AB
810 1105 1078 1189 perpendiculum

61 1212 121 1297 sit,
140 1215 173 1276 et
191 1209 371 1277 communis
390 1231 504 1276 eorum
523 1211 624 1275 sectio
643 1211 688 1275 sit
702 1215 781 1294 ΔΑ,
800 1210 884 1276 etin
899 1214 962 1276 ΓΔ
979 1213 1078 1296 plano

90 1340 114 1386 n
511 1321 668 1400 punctum
699 1316 832 1402 aliquod
864 1326 1010 1384 sumatur
1040 1324 1078 1384 E.

179 1403 207 1451 B
215 1445 254 1564 ι
510 1423 596 1509 dico,
634 1422 933 1508 perpendicularem
970 1427 1011 1491 ab
1048 1431 1081 1491 Ε

69 1539 96 1587 A
511 1530 553 1595 ad
575 1530 711 1615 planum
725 1535 791 1595 AB
815 1531 945 1596 ductam
963 1531 999 1596 in
1013 1537 1079 1595 ΛΑ

441 1641 469 1692 Β
510 1632 655 1702 cadera'

127 1764 168 1808 nc
191 1741 287 1808 cadat
310 1743 410 1828 enim,
433 1743 491 1809 sed
514 1743 542 1809 si
565 1742 636 1808 ficri
659 1744 784 1827 potest,
808 1745 898 1807 extra
921 1742 1018 1807 cadat
1040 1747 1078 1809 ut

59 1852 123 1914 ΕΖ
151 1852 184 1913 et
211 1870 284 1914 cum
310 1848 409 1933 plano
433 1854 503 1914 AB
532 1851 703 1915 concurrat
729 1847 763 1912 in
786 1853 908 1933 puncto
932 1853 973 1933 Z,
1001 1851 1034 1914 et
1058 1873 1079 1915 a

60 1960 87 2019 Z
111 1955 151 2021 ad
176 1961 241 2021 ΔΑ
263 1956 298 2020 in
319 1956 420 2041 plano
438 1961 504 2021 AB
526 1954 805 2042 perpendicularis
829 1954 873 2020 sit
893 1959 972 2041 ZH,
995 1979 1077 2042 quae

59 2062 172 2128 eadem
194 2061 392 2146 adplenum
416 2066 479 2128 ΓΔ
499 2061 775 2148 perpendicularis
798 2065 849 2127 est
873 2060 934 2144 [Xl
952 2061 1013 2126 def.
1032 2063 1078 2146 4],

59 2174 93 2234 et
125 2168 261 2234 ducatur
289 2173 368 2234 EH.
413 2169 480 2234 iam
507 2169 663 2254 quoniam
691 2172 763 2232 ΖΗ
785 2168 827 2233 ad
853 2168 988 2253 planum
1015 2171 1078 2233 ΓΔ

58 2273 336 2359 perpendicularis
364 2279 427 2360 est,
457 2279 490 2340 et
513 2297 585 2340 eam
612 2275 722 2360 tangit
744 2279 817 2345 ΕΗ
836 2276 870 2340 in
892 2276 990 2360 plano
1014 2278 1078 2340 ΓΛ

58 2381 177 2465 posita,
204 2384 344 2456 [ΖΗΕ
363 2386 471 2448 rectus
495 2383 558 2447 crit
581 2380 641 2463 [XI
664 2381 726 2446 def.
749 2381 794 2463 3].
840 2403 954 2447 uerum
978 2383 1077 2448 etiam

60 2490 124 2550 ΕΖ
144 2486 184 2551 ad
202 2486 336 2571 planum
350 2492 416 2552 AB
434 2487 710 2572 perpendicularis
730 2491 790 2553 est.
813 2489 924 2574 itaque
939 2495 961 2565 Ι,
974 2493 1082 2553 ΕΖΗ

58 2595 167 2658 rectus
200 2594 257 2658 est.
309 2613 387 2678 ergo
419 2594 576 2679 trianguli
603 2596 709 2657 ΕΖΗ
737 2592 801 2658 duo
834 2594 947 2678 anguli
979 2595 1076 2658 rectis

59 2699 211 2785 aequales
237 2702 325 2783 sunt3
354 2699 439 2784 quod
461 2700 533 2764 fieri
556 2720 622 2764 non
645 2702 755 2782 potest
785 2698 829 2783 [I‚
854 2701 919 2782 17].
965 2699 1075 2782 iaque

58 2804 332 2890 perpendicularis
355 2806 397 2871 ab
417 2809 449 2869 E
470 2805 512 2871 ad
534 2807 669 2890 planum
687 2810 755 2870 AB
778 2805 877 2871 ducta
900 2807 991 2870 extra
1008 2809 1075 2868 ΔΑ

57 2934 124 2978 non
157 2913 258 2978 cadet.
314 2933 391 2998 crgo
424 2912 518 2978 cadet
549 2912 583 2976 in
611 2916 691 2996 AA3
724 2910 810 2996 quod
842 2915 913 2975 erat
945 2911 1075 2976 demon-

60 3019 237 3084 strandum.

56 3228 147 3282 comp.
167 3213 197 3268 F.
301 3213 377 3284 ΕΗ]
398 3215 429 3266 H
445 3229 514 3267 eras.
536 3212 568 3267 V.
673 3216 715 3266 18.
736 3205 821 3279 ἐστιν]
843 3210 914 3280 (alt.)
933 3204 991 3264 ἐστι
1009 3208 1073 3278 BV,

57 3298 150 3352 comp.
169 3282 198 3338 F.
273 3289 315 3338 19.
335 3278 451 3355 ὀρθαῖς]
471 3280 524 3337 δύο
544 3277 648 3353 ὀρθαῖς
665 3281 726 3365 Π,
745 3277 798 3336 driu
818 3280 882 3336 add.
901 3298 938 3336 m.
957 3287 973 3336 2
993 3281 1024 3335 B.

56 3350 594 3496 ‘mlii'r¹id'sc;d]²‘0d.⁹isiim
614 3371 648 3409 ex
666 3373 715 3421 '⁷¹³
733 3370 769 3408 ω’
789 3359 805 3407 ²
824 3351 858 3409 ν’
943 3355 993 3406 aa
1012 3350 1074 3406 ov.

857 3633 914 3691 23*
