2468 3952
145 188 208 252 170
515 187 716 239 Στουυεαεα
735 183 785 257 ιβ’.

198 328 373 396 Ἔστωσαν
386 325 453 396 ὑπὸ
468 326 505 396 τὸ
526 326 607 397 αὐτὸ
627 326 713 409 ὕψος
731 331 928 413 πυραμίδες,
949 317 998 394 τάν
1015 327 1083 410 [αί]
1103 323 1161 411 βά-

142 454 210 515 σεις
234 435 295 521 μὲν
319 433 358 502 τά
382 441 568 520 ΑΒΓΔΕ,
597 440 772 503 ΖΗΘΚΛ
795 432 987 519 πολύγωνα,
1010 433 1161 522 κορυφαί

141 540 179 608 δὲ
201 539 241 607 τά
265 548 319 623 M,
343 549 381 608 N
401 555 535 628 σημεῖα·
558 543 659 627 λέγω,
688 539 739 609 ὅτι
763 541 853 608 ἐστὶν
877 538 921 620 ὡς
943 537 964 626 ἡ
989 545 1163 608 ΑΒΓΔΕ

140 647 237 734 βάσις
259 647 342 736 πρὸς
364 648 426 734 τὴν
446 645 750 732 κασαλβάσω,
776 645 883 726 οὕτως
901 643 921 733 ἡ
940 636 1164 716 ΑΒΓΔΕΜ

106 772 121 820 5
140 755 285 842 πυραμὶς
308 754 391 843 πρὸς
413 753 476 840 τήν
501 760 719 821 ΖΗΘΚΛΝ
739 758 919 841 πυραμίδα.

205 860 475 947 Ἐπεζεύχθωσαν
498 858 563 946 γάρ
588 861 625 927 αί
646 867 722 945 ΑΓ,
751 868 835 945 ΑΔ,
864 866 940 944 ΖΘ,
972 865 1045 927 ΖΚ.
1089 859 1158 928 ἐπεὶ

141 962 204 1037 οὖν
229 969 292 1037 δύο
315 972 500 1054 πυραμίδες
523 967 609 1034 εἰσὶν
632 969 668 1034 αί
690 972 847 1051 ΑΒΓΜ,
871 971 1022 1033 ΑΓΔΜ
1039 964 1159 1052 τριγώ-

139 1102 220 1155 νους
253 1080 388 1162 ἔχουσαι
420 1072 535 1159 βάσεις
567 1073 622 1141 καὶ
653 1072 741 1152 ὕψος
772 1080 865 1158 ἴσον,
897 1071 982 1159 πρὸς
1011 1069 1160 1158 ἀλλήλας

139 1182 226 1248 είσὶν
249 1180 294 1260 ὡς
318 1183 355 1248 αί
375 1179 500 1267 βάσεις·
525 1185 615 1248 ἔστιν
639 1178 706 1268 άρα
729 1176 774 1258 ὥς
796 1176 816 1265 ή
837 1185 939 1246 ΑΒΓ
957 1176 1057 1264 βάσις
1075 1177 1159 1267 πρὸς

88 1303 120 1352 10
138 1286 200 1372 τὴν
225 1292 323 1352 ΑΓΔ
346 1285 457 1372 βάσιν,
481 1287 588 1365 οὕτως
611 1283 631 1372 ή
652 1291 802 1352 ΑΒΓΜ
819 1284 966 1371 πυραμὶς
987 1283 1072 1372 πρὸς
1095 1283 1159 1371 τήν

139 1396 287 1457 ΑΓΔΜ
304 1397 483 1479 πυραμίδα.
524 1393 581 1460 καὶ
605 1394 765 1459 συνθέντι
790 1389 834 1471 ως
856 1389 877 1478 ή
897 1397 1047 1459 ΑΒΓΔ.
1060 1391 1158 1475 βάσις

138 1494 223 1582 πρὸς
250 1495 312 1582 τήν
340 1504 439 1564 ΑΓΔ
465 1498 583 1584 βάσιν,
618 1496 723 1578 οὕτως
751 1494 771 1585 ή
800 1503 989 1566 ΑΒΓΔΜ
1010 1497 1158 1586 πυραμίς

139 1600 222 1690 πρὸς
249 1603 310 1689 τήν
338 1610 485 1673 ΑΓΔΜ
507 1609 688 1694 πυραμίδα.
739 1601 823 1672 άλλά
850 1604 906 1672 καὶ
934 1601 980 1683 ὡς
1006 1601 1027 1690 ἡ
1056 1609 1159 1671 ΑΓΔ

140 1707 238 1793 βάσις
260 1707 344 1795 πρὸς
366 1710 429 1797 τήν
453 1719 559 1778 ΑΔΕ
579 1709 691 1798 βάσιν,
716 1707 822 1789 οὕτως
845 1707 865 1796 ή
890 1715 1035 1777 ΑΓΔΜ
1053 1732 1159 1796 πυρα·

89 1832 121 1880 15
141 1815 196 1900 μλς
219 1814 302 1901 πρὸς
324 1814 386 1904 τήν
409 1824 565 1885 ΑΔΕΜ
582 1821 762 1904 πυραμίδα.
804 1811 849 1883 δι’
876 1823 953 1884 ίσου
975 1813 1041 1902 ἄρα
1066 1812 1157 1903 ὡςή

140 1928 275 1989 ΑΒΓΔ
289 1924 387 2009 βάσις
400 1923 483 2012 πρὸς
496 1922 558 2010 τήν
573 1931 680 1991 ΑΔΕ
692 1922 803 2008 βάσιν,
821 1919 929 2002 οὕτως
942 1919 963 2009 ἡ
974 1928 1164 1990 ΑΒΓΔΜ

138 2028 284 2114 πυραμὶς
311 2028 395 2118 πρὸς
423 2028 485 2116 τήν
508 2036 660 2097 ΑΔΕΜ
683 2031 864 2117 πυραμίδα.
909 2028 965 2095 καὶ
993 2029 1158 2097 συνθέντι

137 2132 250 2217 πάλιν,
279 2132 323 2213 ὡς
350 2133 370 2222 ή
399 2142 571 2203 ΑΒΓΔΕ
596 2135 693 2221 βάσις
719 2133 803 2220 πρὸς
830 2134 892 2222 τήν
916 2141 1018 2201 ΑΔΕ
1043 2134 1158 2222 βάσιν,

139 2236 244 2316 οὕτως
267 2237 288 2325 ή
308 2247 522 2309 ΑΒΓΔΕΜ
535 2241 681 2330 πυραμὶς
699 2239 783 2329 πρὸς
800 2239 862 2327 τὴν
881 2246 1038 2308 ΑΔΕΜ
1051 2262 1157 2329 πυρα-

86 2361 120 2411 20
139 2347 229 2430 μίδα.
271 2343 394 2431 ὁμοίως
417 2344 458 2432 δή
484 2345 707 2435 δειχθήσεται,
731 2345 782 2415 ὅτι
805 2347 861 2414 καὶ
880 2344 925 2426 ως
943 2343 964 2433 ή
983 2354 1157 2415 ΖΗΘΚΛ

138 2450 234 2534 βάσις
255 2449 339 2538 πρὸς
362 2450 425 2537 τήν
443 2459 544 2520 ΖΗΘ
566 2453 679 2541 βάσιν,
704 2451 810 2533 οὕτως
828 2454 884 2522 καὶ
903 2451 923 2540 ή
943 2459 1162 2521 ΖΗΘΚΛΝ

138 2554 284 2642 πυραμὶς
310 2555 393 2644 πρὸς
420 2556 481 2645 τήν
511 2564 654 2627 ΖΗΘΝ
677 2564 857 2647 πυραμίδα.
907 2559 964 2628 καὶ
992 2559 1062 2627 ἐπεὶ
1090 2558 1156 2627 δύο

137 2666 321 2748 πυραμίδες
339 2664 424 2732 είσὶυ
440 2667 476 2731 αί
488 2673 648 2751 ΑΔΕΜ,
664 2673 808 2735 ΖΗΘΝ
817 2665 1004 2755 τριγώνους
1017 2670 1157 2753 ἔχουσαι

210 2881 232 2928 1.
249 2872 293 2947 αδ]
308 2876 397 2932 deleo,
453 2868 491 2930 ὧν
504 2909 534 2917 -
547 2886 571 2932 2.
583 2879 723 2964 κορυφαί]
739 2883 809 2933 πολυ

138 2943 189 3007 τάς
202 2949 358 3016 ΑΒΓΔΕ,
374 2950 432 3001 ΖΗ
436 2949 493 3002 ΘΚ
496 2953 532 3017 Α,
547 2968 677 3018 κορυφάς
690 2949 787 3004 Theon
803 2898 920 3018 (ΚοΚήβς
930 2876 1156 3019 ἔχδάὲῗιιεέεοδίσήδς.

137 3046 171 3056 -
193 3023 233 3072 10.
255 3013 349 3090 βάσιν]
371 3013 517 3089 διῃρήσθω
536 3016 589 3089 γάρ
608 3017 626 3088 ή
642 3017 694 3088 μὲν
708 3024 845 3074 ΑΒΓΔΕ
865 3015 945 3094 βάσις
960 3019 1000 3083 είς
1014 3017 1049 3075 τά
1064 3026 1113 3074 ΑΒ
1122 3025 1155 3091 Γ,

137 3090 230 3156 ΑΓΔ,
249 3092 334 3144 ΑΕΔ
352 3091 482 3159 τρίγωνα,
501 3085 519 3156 ή
540 3087 571 3143 δὲ
587 3092 733 3145 ΖΗΘΚΛ
748 3094 791 3161 (Ν
803 3108 873 3146 eras.
890 3092 924 3159 V)
943 3091 984 3154 είς
1001 3089 1036 3145 τὰ
1052 3094 1156 3162 ΖΗΘ,

139 3159 233 3227 ΖΘΚ,
253 3164 333 3214 ΖΚΛ
351 3162 486 3229 τρίγωνα,
508 3161 556 3214 καί
575 3157 779 3227 νενοήσθωσαν
798 3157 853 3231 ἀφ’
875 3157 994 3217 ἑκάστου
1014 3181 1030 3216 τ
1048 3157 1154 3231 ινάνου

137 3232 294 3298 πυραμίδες
317 3229 444 3300 ίσουψεῖς
467 3233 533 3299 (εις
552 3247 620 3285 corr.
640 3248 675 3285 ex
693 3251 732 3286 -οι
750 3251 786 3289 m.
805 3250 859 3290 ree.
879 3233 915 3302 V)
935 3239 996 3295 ταῖς
1016 3184 1046 3299 ἐξ

137 3301 274 3369 πυραμίσι
288 3304 452 3371 (πυραμίσιν
463 3303 494 3371 Β)
509 3302 558 3356 καὶ
573 3298 639 3357 ἐπεί
651 3297 727 3356 ἐστιν
742 3299 778 3364 ὡς
791 3301 822 3358 τὸ
838 3309 920 3358 ΑΒΓ
931 3305 1068 3374 τρίγωνον
1082 3304 1156 3373 πρὸς

137 3362 169 3422 τὸ
189 3374 268 3457 ΑΓΔ
286 3375 421 3460 τρίγωήον
440 3372 538 3428 Theon
556 3373 669 3442 (Bvq).
688 3442 694 3462 Ι
760 3380 801 3429 11.
820 3374 966 3431 συνθέντα
986 3371 1043 3443 άρα
1061 3372 1100 3438 ὥς
1118 3375 1154 3432 V.

136 3504 169 3561 ιι
187 3443 1153 3587 &1233ssffigbgoibvgafficcgglyessvffi.3237&ssPa

81 3602 162 3712 Ν

1065 3228 1155 3303 &effic
