2468 3952
498 211 680 262 APPENDIX
698 212 733 265 11.
1056 207 1120 271 411

107 353 144 420 δὲ
167 349 205 419 τὸ
229 358 268 419 Ν
287 365 434 438 σημεῖον.
476 347 560 418 ιἰλλὰ
583 351 640 418 καὶ
663 356 813 419 ἐλαττον·
838 348 918 440 ὅπερ
941 350 1123 420 ἀδύνατον.

108 459 172 526 οὐκ
195 456 259 545 ἄρα
284 458 375 525 ἐστὶν
398 455 443 537 ῶς
467 454 485 526 6
505 464 639 525 ΑΒΓΔ
657 456 779 537 κύκλος
801 455 884 542 πρὸς
906 456 967 525 τόν
987 465 1123 526 ΕΖΗΘ

105 563 246 650 κύκλον,
278 561 383 644 οὕτως
412 561 430 631 6
454 569 662 631 ΛΒΓΔΚΛ
689 567 798 643 κῶνος
824 563 907 651 πρὸς
931 563 1067 632 ἔλαττόν
1090 588 1122 631 τι

107 676 168 740 τοῦ
192 677 332 738 ΕΖΘΝ
350 669 464 738 κῶνον
487 669 633 755 στερεόν.

175 779 260 864 λέγω
285 777 326 864 δὴ
352 775 432 844 οὐδὲ
455 775 538 864 πρὸς
561 783 682 863 μεῖζον.
719 781 750 844 εἰ
770 780 834 864 γὰρ
854 776 1013 863 δυνατόν,
1038 782 1122 845 ἐστω

106 884 190 973 πρὸς
213 890 324 971 μεῖζον
348 881 385 951 τὸ
405 893 445 952 Α.
490 881 660 951 ἀνάπαλιν
684 882 750 970 ἄρα
773 884 864 951 ἐστὶν
884 883 928 964 ῶς
948 882 965 952 6
986 892 1123 952 ΕΖΗΘ

105 990 228 1069 κύκλος
249 991 333 1078 πρὸς
353 989 415 1057 τὸν
434 995 568 1057 ΑΒΓΔ
585 989 725 1075 κύκλον,
750 988 856 1070 οὕτως
877 989 915 1058 τὸ
935 999 967 1058 Λ
985 992 1122 1080 στερεὸν
1219 1047 1222 1052 .

106 1095 190 1185 πρὸς
212 1098 273 1164 τὸν
292 1101 460 1163 ΑΒΓΔΛ
482 1099 604 1164 κῶνον.
641 1094 686 1176 ῶς
709 1095 746 1164 δὲ
768 1095 806 1164 τὸ
826 1106 858 1164 Λ
881 1096 1019 1183 στερεὸν
1040 1096 1124 1182 πρὸς

107 1201 166 1270 τὸν
190 1209 360 1269 ΑΒΓΔΛ
386 1204 510 1287 κῶνον,
540 1199 646 1281 οὕτως
669 1201 688 1269 6
712 1209 892 1270 ΕΖΗΘΝ
910 1213 1018 1282 κῶνος
1040 1203 1124 1290 πρὸς

106 1307 244 1377 ε”λαττόν
271 1334 302 1375 τι
330 1312 391 1376 τοῦ
416 1314 585 1376 ΑΒΓΔΛ
611 1308 725 1376 κῶνον
753 1308 896 1397 στερεόν.
942 1307 987 1389 ῶς
1014 1308 1080 1396 ἄρα
1104 1308 1121 1379 6

107 1422 243 1482 ΕΖΗΘ
274 1415 396 1493 κύκλος
427 1412 510 1502 πρὸς
542 1412 601 1482 τὸν
629 1421 764 1483 ΑΒΓΔ
795 1414 935 1501 κύκλον,
969 1415 1076 1496 οὕτως
1104 1415 1121 1485 ὁ

107 1528 287 1589 ΕΖΗΘΝ
319 1532 429 1600 κῶνος
460 1519 542 1608 πρὸς
574 1519 713 1589 ἔλαττόν
748 1548 779 1588 τι
816 1527 877 1590 τοῦ
912 1521 1026 1592 κῶνον
1061 1534 1123 1592 τοῦ

108 1629 314 1716 ΑΒΓΔΛΙ)
343 1630 495 1715 στερεοῦ·
529 1624 609 1713 ὅπερ
637 1624 808 1696 ἀδύνατον
836 1629 1010 1697 δέδεικται.
1061 1627 1123 1696 ούκ

108 1735 172 1824 ἄρα
196 1736 286 1803 ἐστὶν
311 1732 356 1814 ῶς
378 1733 397 1802 6
420 1740 555 1802 ΑΒΓΔ
577 1732 697 1815 κύκλος
719 1733 802 1823 πρὸς
824 1734 885 1803 τὸν
909 1742 1044 1802 ΕΖΗΘ
1066 1735 1123 1802 κύ-

107 1850 204 1928 κλον,
238 1840 344 1921 οὕτως
372 1839 390 1909 6
419 1847 589 1909 ΑΒΓΔΛ
617 1847 725 1922 κῶνος
751 1841 836 1927 πρὸς
863 1841 974 1928 μεῖζόν
1002 1868 1033 1909 τι
1061 1847 1122 1910 τοῦ

108 1954 286 2017 ΕΖΗΘΝ
306 1947 419 2015 κῶνον
443 1946 587 2034 στερεόν.
625 1951 760 2035 ἐδείχθη
784 1950 836 2034 δέ,
860 1946 912 2016 ὅτι
935 1945 1017 2015 οὐδὲ
1039 1947 1123 2035 πρὸς

107 2060 252 2122 ἔλαττον.
303 2059 393 2123 ἐστιν
426 2056 492 2145 ἄρα
525 2054 569 2135 ῶς
600 2054 617 2124 6
646 2060 779 2123 ΑΒΓΔ
805 2055 927 2132 κύκλος
952 2053 1036 2142 πρὸς
1063 2054 1122 2122 τὸν

108 2168 243 2230 ΕΖΗΘ
269 2160 410 2249 κύκλον,
444 2162 551 2243 οὕτως
578 2161 596 2230 6
621 2167 791 2229 ΑΒΓΔΛ
817 2164 925 2240 κῶνος
950 2160 1035 2246 πρὸς
1062 2159 1122 2228 τὸν

106 2274 287 2336 ΕΖΗΘΝ
314 2271 435 2335 κῶνον.
489 2273 549 2335 καί
577 2269 646 2335 ἐστι
678 2266 740 2354 μὲν
768 2265 948 2354 κύλινδρος
975 2264 993 2334 6
1022 2265 1122 2352 βάσιν

108 2382 193 2461 ἔχων
217 2372 276 2442 τὸν
296 2380 428 2441 ΑΒΓΔ
449 2374 584 2458 κύκλον,
608 2372 694 2454 ύνος
718 2373 755 2441 δὲ
776 2371 814 2441 τὸ
839 2371 921 2441 αὐτὸ
944 2384 989 2464 τῷ
1013 2375 1122 2467 κῶνῳ,

105 2480 300 2569 τριπλάσιος
331 2490 391 2548 τοῦ
420 2485 592 2547 ΑΒΓΔΛ
622 2478 751 2565 κῶνον,
782 2482 845 2546 τοῦ
878 2479 917 2547 δέ
948 2486 1127 2548 ΕΖΗΘΝ

106 2585 219 2655 κῶνον
240 2584 434 2673 τριπλάσιος
458 2583 477 2654 6
501 2587 680 2675 κύλινδρος
704 2582 721 2653 6
745 2583 846 2670 βῶσιν
869 2585 931 2672 μὲν
954 2592 1039 2673 ἔχων
1061 2587 1122 2655 τὸν

108 2700 243 2760 ΕΖΗΘ
265 2692 401 2779 κύκλον,
424 2692 510 2774 ὕψος
530 2695 567 2760 δὲ
585 2691 622 2760 τὸ
643 2690 724 2760 αὐτὸ
743 2696 788 2784 τῶ
807 2692 915 2783 κῶνςο.
948 2699 1038 2761 ἐστιν
1057 2693 1123 2779 ἄρα

107 2797 153 2879 ὡς
175 2796 192 2866 6
217 2805 351 2866 ΑΒΓΔ
373 2799 504 2880 κύκλος,
517 2798 601 2886 πρὸς
623 2798 684 2866 τὸν
704 2805 840 2868 ΕΖΗΘ
857 2799 993 2884 κύκλον,
1017 2800 1122 2879 οὕτως

106 2903 125 2973 6
146 2912 320 2973 ΑΒΓΔΛ
342 2905 521 2992 κύλινδρος
544 2903 626 2991 πρὸς
649 2903 711 2973 τὸν
730 2911 911 2973 ΕΖΗΘΝ
929 2905 1120 2991 κύλινδρον.

170 3153 249 3221 Ἐὰν
268 3154 447 3237 κύλινδρος
463 3155 604 3244 ἐπιπέδῳ
624 3158 735 3243 τμηθῇ
750 3153 950 3244 παραλλήλῳ
966 3150 1038 3220 ῶντι
1052 3166 1121 3233 τοῖς
1142 3169 1174 3216 12

107 3260 310 3328 ἀπεναντίον
334 3261 511 3347 ἐπιπέδοις,
536 3266 626 3328 ἐσται
650 3258 695 3341 ῶς
719 3258 736 3327 6
760 3259 940 3348 κύλινδρος
961 3258 1044 3347 πρὸς
1061 3257 1120 3326 τὸν

107 3366 303 3453 κύλινδρον,
328 3363 434 3446 οὕτως
457 3363 474 3433 6
501 3365 591 3448 ἄξων
614 3365 697 3451 πρὸς
720 3368 780 3434 τδν
804 3363 916 3446 ἄξονα.

180 3563 206 3629 1)
225 3565 248 3614 A
267 3577 351 3631 supra
370 3576 421 3616 scr.
440 3579 477 3615 m.
497 3567 521 3617 1.
