2468 3952
689 70 717 113 0

145 187 211 252 250
518 188 720 240 tronum
739 183 784 254 η’.

143 355 298 416 τμηται,
327 329 391 395 καὶ
418 326 460 396 τὸ
484 333 623 414 μεῖζον
649 327 778 415 τμῆμά
803 328 912 395 ἐστιν
933 325 955 415 ἡ
978 329 1018 409 έξ
1041 325 1161 416 ἀρχῆς

144 432 295 502 εὐθεῖα.
310 418 350 474 ‘⁸'

210 537 342 608 Εὐθεῖα
364 538 428 627 γὰρ
451 538 586 628 γραμμὴ
610 538 631 627 V
650 550 682 608 A
688 549 715 608 B
735 541 841 627 ἄκρον
858 540 915 609 καὶ
933 541 1039 627 μέσον
1058 538 1160 627 λόγον

142 649 318 734 τετμήσθω
342 647 424 714 κατὰ
445 645 484 714 τὸ
504 652 536 714 Γ
554 660 704 734 σημεῖον,
728 648 784 715 καὶ
808 653 891 716 ἔστω
913 654 1028 735 μεῖζον
1050 659 1160 734 τμῆμα

108 752 165 840 δὴ
193 761 272 839 ΑΓ,
300 754 356 820 καὶ
383 757 423 843 τῇ
451 759 520 820 ΑΓ
544 762 600 840 ἴση
630 759 783 839 [κείσθω]
815 752 836 840 ἡ
865 761 948 822 ΑΛ.
978 755 1083 840 λέγω,
1112 751 1159 822 ὅτι

143 858 164 946 ἡ
190 868 255 927 ΛΒ
284 859 402 928 εὐθεῖα
428 858 536 945 ἄκρον
562 861 618 928 καὶ
641 860 744 947 μέσον
772 861 876 947 λόγον
898 861 1054 947 τέτμηται
1078 857 1156 928 κατὰ

143 965 180 1035 τὸ
205 975 252 1052 A,
279 965 395 1034 καὶτὸ
420 973 532 1053 μεῖζον
559 966 669 1054 τμῆμά
698 968 788 1034 ἐστιν
811 964 832 1054 ἡ
856 968 890 1048 έξ
913 964 1018 1054 ἀρχῆς
1041 963 1159 1034 εὐθεῖα

143 1069 165 1158 ἡ
188 1079 262 1141 AB.

208 1177 472 1266 Ἀναγεγράφθω
504 1178 567 1266 γὰρ
600 1176 666 1246 ἀπὸ
698 1182 756 1266 τῆς
784 1186 849 1246 AB
881 1178 1096 1265 τετράγωνον
1123 1176 1159 1246 τὸ

92 1300 126 1350 10
145 1292 176 1350 A
183 1291 226 1368 E,
250 1284 305 1350 καὶ
327 1286 596 1372 καταγεγράφθω
618 1285 657 1353 τὸ
681 1289 798 1372 σχῆμα.
835 1286 905 1355 ἐπεὶ
928 1282 1034 1372 ἡΑΒ
1054 1284 1160 1372 ἄκρον

144 1389 199 1456 καὶ
233 1391 336 1476 μέσον
368 1393 471 1477 λόγον
501 1393 655 1478 τέτμηται
684 1390 767 1459 κατὰ
796 1391 834 1460 τὸ
863 1398 901 1478 Γ,
932 1391 971 1460 τὸ
998 1390 1067 1479 ἄρα
1095 1389 1161 1460 ὑπὸ

144 1501 250 1563 ΑΒΓ
277 1504 352 1564 ἴσον
381 1497 449 1564 ἐστὶ
476 1501 523 1589 τῷ
550 1493 617 1564 ἀπὸ
640 1506 672 1564 A
678 1503 713 1565 Γ.
765 1504 825 1566 καί
849 1501 918 1566 ἐστι
944 1496 983 1565 τὸ
1007 1497 1070 1584 μέν
1093 1495 1160 1566 ὑπὸ

145 1607 246 1669 ΑΒΓ
269 1599 307 1669 τὸ
331 1606 408 1686 ΓΕ,
436 1600 474 1669 τὸ
503 1600 541 1670 δέ
569 1597 634 1669 ἄτιὸ
662 1604 722 1689 τῆς
743 1607 814 1669 ΑΓ
831 1600 868 1672 τὸ
892 1609 965 1671 ΓΘ·
994 1612 1072 1672 ἴσον
1097 1602 1161 1690 ἄρα

144 1705 182 1775 τὸ
207 1713 271 1775 ΓΕ
291 1718 337 1799 τῷ
361 1712 430 1775 ΘΓ.
476 1703 560 1774 ἀλλὰ
586 1718 633 1799 τῷ
656 1706 718 1794 μὲν
741 1714 807 1776 ΓΕ
828 1717 904 1777 ἴσον
927 1709 994 1780 ἐστὶ
1018 1713 1056 1778 τὸ
1081 1718 1160 1796 ΘΕ,

93 1829 125 1880 15
142 1816 189 1905 τῷ
214 1812 251 1882 δέ
270 1819 338 1881 ΘΓ
356 1822 432 1881 ἴσον
454 1811 491 1881 τὸ
513 1820 593 1880 ΔΘ·
617 1814 671 1880 καὶ
694 1813 732 1882 τὸ
749 1822 815 1882 ΛΘ
837 1813 902 1903 ἄρα
925 1823 1001 1884 ἴσον
1026 1818 1098 1884 ἐστὶ
1115 1827 1161 1908 τῷ

144 1927 209 1988 ΘΕ
232 1918 363 2004 [κοινὸν
391 1924 605 2006 προσκείσθω
632 1917 671 1987 τὸ
699 1925 785 2004 ΘΒ]
823 1918 905 1989 ὅλον
932 1919 999 2007 ἄρα
1026 1918 1065 1990 τὸ
1091 1928 1165 1990 ΔΚ

143 2022 211 2116 ὅλῳ
234 2028 280 2116 τῷ
300 2031 370 2091 ΑΕ
390 2025 481 2092 έστιν
505 2032 590 2092 ἴσον.
626 2030 686 2092 καί
707 2027 776 2094 ἐστι
799 2024 838 2094 τὸ
862 2025 924 2112 μέν
943 2033 1016 2123 ΔΚ
1035 2027 1074 2098 τὸ
1094 2028 1160 2100 ὑπὸ

142 2135 211 2198 τοι
239 2137 324 2217 BA,
351 2139 434 2198 ΛΑ·
465 2139 520 2217 ιση
549 2132 614 2217 γὰρ
642 2129 662 2219 ἡ
693 2140 765 2200 ΑΛ
790 2142 831 2221 τη
855 2139 938 2199 ΔΛ·
965 2131 1002 2201 τὸ
1032 2133 1071 2203 οε
1096 2125 1170 2204 ΑΕ·

142 2235 180 2303 τὸ
206 2235 271 2304 ἀπὸ
295 2241 354 2324 τῆς
376 2244 456 2304 AB·
479 2241 516 2306 τὸ
541 2236 607 2323 ἄρα
629 2235 696 2306 ὑπὸ
719 2242 788 2306 ταῖν
806 2245 904 2306 BAA
926 2247 1002 2309 ἴσον
1026 2242 1097 2309 ἐστὶ
1116 2247 1161 2334 τῷ

90 2360 124 2409 20
143 2337 208 2408 ἀπὸ
241 2346 299 2427 τῆς
327 2350 402 2410 AB.
454 2348 544 2411 ἔστιν
576 2341 642 2430 ἄρα
670 2341 715 2424 ως
742 2341 763 2431 ἡ
788 2351 854 2411 ΔΒ
883 2343 967 2432 πρὸς
992 2345 1056 2432 τὴν
1079 2354 1162 2434 BA,

144 2445 249 2527 οὕτως
276 2444 298 2534 ἡ
326 2455 396 2515 BA
422 2446 506 2536 πρὸς
531 2447 594 2536 τὴν
618 2457 697 2517 ΑΛ.
748 2456 868 2537 μείζων
896 2450 934 2519 δὲ
960 2451 982 2537 ἡ
1007 2459 1074 2520 ΔΒ
1095 2465 1162 2542 ’τῆς

141 2559 219 2620 BA·
243 2559 363 2640 μείζων
387 2553 453 2642 ἄρα
476 2552 575 2642 καὶὴ
599 2562 669 2623 BA
691 2560 750 2642 τῆς
772 2565 847 2625 ΑΔ.

204 2657 250 2727 Ἡ
268 2658 335 2748 ἄρα
354 2668 422 2728 ΛΒ
441 2659 546 2746 ἄκρον
569 2663 624 2730 καὶ
650 2663 753 2749 μέσον
777 2662 882 2750 λόγον
904 2665 1058 2752 τέτμηται
1076 2667 1161 2735 κατὰ

142 2763 181 2833 τό
210 2775 255 2851 A,
283 2767 338 2834 καὶ
365 2765 403 2835 τὸ
433 2773 544 2854 μεῖζον
567 2767 679 2855 τμῆμά
704 2767 837 2856 ἐστινὴ
867 2778 949 2838 AB·
982 2768 1064 2860 ὅπερ
1093 2778 1161 2843 ἔδει

89 2889 123 2938 25
143 2874 258 2953 δεῖξαι.

215 3091 239 3140 9.
258 3080 323 3155 η]
309 3105 326 3153 η
346 3080 424 3139 τόο.
498 3090 522 3140 ὅ.
528 3085 662 3173 κείσθω]
683 3102 738 3142 om
757 3085 786 3141 P.
861 3095 885 3144 6.
905 3090 969 3161 ΔΒ]
989 3091 1089 3146 Aah.

144 3161 169 3210 7.
188 3151 219 3226 ἡ]
239 3171 294 3210 om.
314 3173 340 3224 q.
393 3152 485 3243 ἡ-
505 3153 621 3228 ενθεα]
642 3173 695 3213 οω.
714 3157 747 3213 V.
830 3164 854 3213 8.
874 3160 937 3230 ΑΒ]
957 3178 1115 3246 suprascr.
1137 3169 1161 3217 A

143 3244 179 3280 m
201 3226 261 3280 lb.
339 3233 363 3283 9.
384 3246 441 3281 ανα
442 3246 550 3297 γεγεγρ.
568 3229 605 3297 Ρ,
634 3245 704 3283 corr.
723 3247 759 3282 m.
781 3235 804 3283 1.
879 3237 921 3286 10.
941 3227 1059 3285 έπεὶ’
1022 3252 1077 3301 γαρ
1095 3233 1161 3290 BV.

229 3301 271 3350 12.
290 3298 347 3351 τῶν
366 3301 451 3352 ΑΒΓ
466 3299 500 3354 V.
592 3270 662 3380 aad]
682 3315 751 3354 corr.
772 3317 806 3354 ex
824 3298 880 3356 ὑτό
899 3319 935 3355 m.
956 3300 1020 3356 1P.
1112 3325 1164 3375 της

143 3367 248 3421 ΑΓ7.
328 3364 453 3425 έοτι.νΡ
537 3369 807 3425 19.ῶτνΑΒΓ7.
891 3372 963 3443 ΓΘ]
985 3374 1089 3430 ΘΓΡ

145 3443 187 3493 14.
208 3438 369 3509 &mcum
389 3442 551 3494 οιΓΘω.
571 3440 640 3495 77.
726 3446 767 3495 15.
788 3442 1028 3513 ΘΓ]Θοοοιτ
1047 3444 1081 3500 V.

145 3513 186 3563 16.
206 3506 304 3563 κοινόν
323 3539 356 3549 ·-
379 3511 448 3581 ΘΒ]
467 3512 567 3580 postea
585 3511 649 3566 add.
669 3530 705 3566 m.
727 3520 739 3566 1
761 3514 790 3566 P.
878 3514 942 3582 ΘΒ]
964 3516 989 3568 Θ
1008 3532 1023 3570 e
1042 3531 1113 3574 corr.
1134 3519 1162 3573 b.

81 3676 100 3724 ,,
153 3637 205 3767 ν)
234 3619 493 3730 σίνηαι.
516 3657 584 3709 v.
605 3624 814 3736 (τεκνία
831 3612 908 3690 a*
