2468 3952
131 209 196 273 164
503 208 706 261 Συοιιιιιιαα
724 204 773 280 ιμ’.

129 356 233 420 ΑΒΓ
252 352 411 418 ἐπίπεδον
439 352 516 435 δίχα
538 348 746 436 τμηθήσεται
768 346 835 417 ὑπὸ
858 351 919 417 τοῦ
945 355 1067 418 ΟΜΝ
1085 351 1154 418 ἐπι-

74 450 77 457 ’
128 458 242 525 πέδου.
296 455 352 524 διὰ
380 453 421 523 τά
449 452 533 522 αὐτὰ
568 454 610 541 δὴ
640 453 740 542 καὶὴ
767 452 833 523 άπὸ
861 459 923 523 τοῦ
949 462 980 523 Θ
1005 452 1154 536 κάθετος

131 562 183 630 ἐπὶ
201 562 239 630 τὸ
261 570 294 628 Δ
303 569 365 629 ΕΖ
385 564 543 631 ἐπίπεδον
562 566 640 648 δίχα
658 563 865 648 τμηθήσεται
883 558 949 630 ὑπὸ
969 565 1031 630 τοῦ
1051 568 1157 630 ΣΤΥ

131 668 298 736 ἐπιπέδου.
350 673 409 735 καί
434 671 520 735 είσιν
543 675 613 735 ίσαι
637 669 675 734 αί
697 664 762 736 ἀπὸ
791 672 860 736 τῶν
883 675 933 754 Η,
961 675 991 735 Θ
1011 667 1155 737 κάθετοι

96 775 184 843 σέπὶ
211 773 251 841 τὰ
279 779 393 858 ΑΒΓ,
428 780 528 840 ΔΒΖ
557 775 709 840 ἐπίπεδα·
742 780 812 840 ίσαι
842 771 909 859 άρα
936 773 992 840 καὶ
1020 777 1059 841 αἱ
1077 772 1152 843 -άπὸ

131 883 200 948 τῶν
235 885 362 964 ΟΜΝ,
396 887 501 947 ΣΤΥ
529 879 704 967 τριγώνων
738 878 791 946 ἐπὶ
827 877 867 946 τὰ
896 886 1012 966 ΑΒΓ,
1051 888 1154 950 ΔΕΖ

130 985 277 1054 κάθετοι.
317 989 443 1072 ἰσοϋψῆ
467 984 532 1073 ἄρα
564 985 660 1071 [ἐστὶ]
685 984 727 1052 τά
749 991 934 1072 πρίσματα,
965 976 1013 1054 άν
1038 986 1155 1073 βάσεις

131 1093 192 1177 μέν
217 1096 281 1160 είσι
304 1090 344 1159 τά
369 1094 484 1178 ΛΞΓ,
507 1099 608 1159 ΡΦΖ
631 1097 793 1179 τρίγιονα,
821 1089 1026 1160 ἀπεναντίον
1050 1093 1089 1162 δὲ
1111 1093 1153 1162 τά

133 1205 258 1285 ΟΜΝ,
287 1206 396 1267 ΣΤΥ.
441 1197 524 1266 ὥστε
551 1198 608 1265 καί
634 1197 675 1266 τά
698 1197 814 1285 στερεά
838 1204 1153 1287 παραλληλεπίπεδα

80 1323 113 1372 10
130 1302 170 1371 τά
211 1302 277 1372 άπὸ
319 1316 388 1372 τῶν
430 1305 615 1393 εἰρημένων
653 1303 849 1391 πρισμάτων
885 1303 1153 1393 ἀναγραφόμενα

132 1414 257 1495 ίσοῦψη
281 1410 337 1476 καὶ
361 1409 445 1496 πρὸς
468 1409 596 1496 άλληλά
621 1414 734 1505 [εἰσιν]
761 1409 805 1490 ὡς
828 1413 866 1478 αί
886 1410 1014 1498 βάσεις*
1037 1412 1095 1479 καὶ
1112 1410 1152 1480 τά

130 1513 233 1602 ἡμίση
263 1516 329 1601 άρα
358 1516 448 1583 ἐστὶν
479 1514 524 1594 ὡς
550 1513 571 1602 ἡ
601 1519 701 1593 ΛΞΓ
726 1519 823 1602 βάσις
851 1517 935 1606 πρὸς
962 1515 1024 1604 τὴν
1054 1525 1153 1587 ΡΦΖ

131 1620 244 1708 βάσιν,
282 1618 391 1701 οὕτως
426 1621 466 1689 τὰ
504 1623 662 1710 εἰρημένα
692 1629 861 1711 πρίσματα
893 1623 977 1711 πρὸς
1008 1624 1153 1712 άλληλα·

132 1726 214 1816 ὅπερ
239 1733 306 1795 ἔδει
332 1728 445 1808 δείξαι.

84 1887 116 1935 15
429 1863 430 1866 ¹
625 1870 664 1937 ε’.

198 1998 252 2061 Αί
277 1991 351 2062 ὑπὸ
381 1992 422 2062 τὸ
448 1990 544 2061 αὐτὸ
572 1991 673 2076 ὕψος
701 1986 817 2062 οὖσαι
840 1999 1065 2084 πυραμίδες
1087 1999 1153 2066 καὶ

130 2098 353 2189 τριγώνους
383 2106 545 2186 ἔχουσαι
569 2098 706 2186 βάσεις
728 2099 825 2184 πρὸς
849 2098 1024 2190 άλλήλας
1047 2106 1154 2172 είσδν

132 2206 181 2284 ὡς
205 2208 246 2271 αί
268 2204 413 2290 βάσεις.

190 2308 365 2377 Ἔστωσαν
388 2307 456 2378 ὑπὸ
479 2309 516 2379 τὸ
541 2307 623 2379 αὐτὸ
647 2307 734 2392 ὕψος
752 2318 946 2401 πυραμίδες,
970 2306 1019 2382 άν
1038 2314 1154 2402 βάσεις

79 2433 113 2482 20
132 2415 194 2503 μὲν
222 2415 262 2483 τά
288 2421 397 2500 ΑΒΓ,
425 2423 528 2483 ΔΒΖ
554 2423 716 2506 τρίγωνα,
745 2420 892 2508 κορυφαὶ
920 2419 958 2488 δὲ
980 2419 1021 2489 τὰ
1044 2429 1096 2508 Η,
1124 2429 1154 2489 Θ

132 2535 265 2608 σημεῖα·
293 2523 395 2608 λέγω,
425 2520 476 2590 ὅτι
504 2524 595 2592 ἐστὶν
623 2522 669 2604 ιδς
695 2523 716 2607 τ’Ι
741 2532 844 2595 ΑΒΓ
862 2527 960 2614 βάσις
982 2525 1068 2615 πρὸς
1090 2526 1153 2615 τὴν

133 2635 234 2694 ΔΒΖ
270 2626 388 2714 βάσιν,
426 2625 533 2708 οὕτως
569 2626 590 2716 ἡ
625 2636 767 2699 ΑΒΓΗ
796 2633 942 2719 πυραμὶς
973 2632 1058 2722 πρὸς
1089 2633 1153 2722 τὴν

133 2740 269 2800 ΔΕΖΘ
293 2737 473 2822 πυραμίδα.

199 2845 244 2908 El
265 2838 330 2928 γὰρ
354 2838 398 2926 μή
423 2842 512 2908 ἐστιν
537 2837 582 2921 ὡς
600 2838 621 2927 ἡ
636 2848 740 2909 ΑΒΓ
755 2841 852 2928 βάσις
869 2846 953 2931 πρὸς
971 2843 1033 2931 τὴν
1049 2853 1153 2916 ΔΕΖ

79 2964 112 3013 25
131 2946 249 3035 βάσιν,
283 2945 389 3027 οὕτως
420 2944 440 3033 ἡ
469 2953 614 3015 ΑΒΓΗ
638 2949 784 3035 πυραμίς
814 2948 897 3038 πρὸς
923 2949 985 3038 τὴν
1015 2959 1154 3021 ΔΕΖΘ

131 3059 320 3143 πυραμίδα,
354 3059 444 3121 ἔσται
477 3053 522 3133 ὡς
548 3050 570 3140 ἡ
598 3060 703 3121 ΑΒΓ
725 3056 823 3141 βάσις
849 3056 933 3143 πρὸς
960 3056 1022 3144 τὴν
1050 3067 1153 3128 ΔΕΖ

131 3162 247 3246 βάσιν,
278 3161 384 3240 οὕτως
412 3158 432 3247 ἡ
456 3167 601 3228 ΑΒΓΗ
623 3161 769 3248 πυραμίς
798 3160 873 3248 ἤτοι
900 3162 984 3252 πρὸς
1008 3167 1153 3237 ἔλασσόν

206 3396 229 3443 1.
250 3387 387 3445 ἐπίπεδον
406 3385 532 3460 άγομὲνη
552 3390 585 3446 V.
676 3398 702 3446 3.
723 3387 859 3447 ἐπίπεδον
879 3388 1005 3464 άγομένη
1025 3394 1060 3452 V.

134 3464 158 3513 5.
179 3455 235 3529 ἄρα
255 3459 313 3514 είσί
327 3461 362 3516 V.
444 3459 487 3531 αλ]
507 3479 561 3516 om.
581 3463 636 3531 Pq.
721 3468 744 3518 7.
765 3460 896 3535 κάθετοι]
917 3466 945 3520 in
965 3482 1019 3520 ms.
1039 3465 1072 3534 V,
1093 3485 1153 3539 seq.

133 3547 187 3586 εαε.
207 3530 303 3587 dimid.
323 3530 371 3584 lin.
392 3532 461 3600 (ίσαι
475 3573 481 3585 .
497 3575 503 3588 .
518 3575 547 3588 ..
568 3529 624 3586 άπὸ
644 3533 700 3586 τῶν
721 3536 794 3603 οἶν).
869 3532 943 3608 ἐστί]
965 3554 1019 3591 om.
1040 3537 1069 3592 P.
