2468 3952
164 176 231 241 416
555 173 738 224 mmm
756 172 792 223 IL

162 317 200 387 τὸ
224 324 287 386 ΕΖ
313 314 401 395 ύψος
427 317 472 404 τῷ
495 319 565 381 ΗΘ
591 309 686 398 ύψει,
714 312 770 379 καὶ
798 316 881 379 ἔστω
909 319 1025 399 μεῖζον
1051 313 1092 382 τὸ
1120 320 1179 382 ΗΘ

162 429 208 516 τῷ
232 430 310 507 ΕΖ,
333 420 388 487 καλ
411 425 537 488 κείσθω
560 417 599 486 τὸ
624 425 687 487 ΕΖ
710 427 787 487 ἴσον
809 422 855 509 τῷ
879 424 961 487 HK.
1004 424 1100 487 ἐστιν
1122 417 1180 504 ἄρα
1223 482 1225 487 .

164 530 210 610 ις
231 527 252 615 ι
277 534 341 596 AB
364 525 461 612 ριιις
483 523 566 611 ιρις
588 523 651 610 τὴν
674 531 737 592 ΓΛ
764 524 881 610 νισι,
910 526 1020 606 τινες
1047 524 1181 595 ινιτ
1223 498 1225 635 λ

163 649 273 716 κῶνος
291 631 312 720 ἢ
331 632 512 716 κύλινδρος
529 631 613 715 πρὸς
631 628 691 700 τὸν
706 637 810 699 ΓΔΚ
825 636 939 701 κῶνον
953 629 974 719 ἢ
990 631 1182 720 κύλινδρον.

163 743 209 824 ῶς
236 742 274 811 δὲ
302 738 321 809 δ
350 746 415 806 ΑΒ
444 736 542 823 βάσις
568 736 651 824 πρὸς
678 736 741 822 τὴν
770 744 832 805 ΓΔ
858 738 976 825 βάσιν,
1010 737 1122 820 ούτως
1148 739 1182 808 τὸ

163 857 232 919 ΗΘ
254 846 341 929 ὕψος
367 844 452 931 πρὸς
479 842 516 912 τὸ
541 851 605 911 ΕΖ
627 842 729 927 ὕψος,
756 848 907 914 τουτέστι
933 845 1019 932 πρὸς
1041 845 1082 915 τδ
1106 853 1182 914 ΗΚ.

163 960 219 1025 καὶ
243 953 287 1036 ῶς
310 952 375 1037 ἄρα
399 949 416 1020 ὁ
433 962 465 1018 Α
471 957 531 1017 ΖΒ
549 955 658 1030 κῶνος
675 948 696 1037 ἢ
716 946 899 1038 κύλινδρος
914 951 998 1039 πρὸς
1011 950 1074 1021 τὸν
1089 957 1185 1021 ΓΔΚ

163 1068 275 1133 κῶνον
297 1058 319 1147 ἦ
342 1057 538 1144 κύλινδρον,
562 1054 669 1136 οὕτως
691 1058 728 1126 τὸ
749 1065 817 1126 ΗΘ
839 1056 926 1139 ὕψος
948 1057 1033 1147 πρὸς
1055 1057 1096 1127 τδ
1116 1065 1185 1126 ΗΚ

163 1166 266 1252 ύψος,
293 1164 339 1245 ῶς
362 1166 400 1234 δὲ
422 1163 460 1233 τὸ
483 1171 553 1232 ΗΘ
575 1162 662 1244 ὕψος
684 1163 768 1248 πρὸς
789 1163 828 1232 τὸ
851 1171 927 1233 ΗΚ
947 1162 1049 1252 ύψος,
1081 1164 1183 1245 οὕτως

164 1272 399 1343 ὁΓΔΘΔΒΖ
422 1277 531 1351 κῶνος
553 1268 574 1357 ἢ
598 1270 778 1354 κύλινδρος
800 1268 884 1359 πρὸς
905 1270 967 1339 τὸν
984 1278 1050 1339 ΓΔ
1073 1284 1183 1341 κῶνον

163 1377 184 1465 ἢ
208 1379 401 1464 κύλινδρον.
437 1378 493 1445 καλ
517 1375 562 1459 ῶς
585 1375 652 1461 ἄρα
675 1374 693 1445 ὁ
713 1384 814 1444 ΑΒΖ
836 1381 946 1457 κῶνος
963 1374 984 1464 ἢ
1004 1377 1184 1464 κύλινδρος

164 1484 248 1571 πρὸς
278 1483 338 1552 τὸν
366 1489 469 1551 ΓΔΚ
493 1488 605 1552 κῶνον
632 1479 653 1569 ἢ
681 1483 877 1569 κύλινδρον,
906 1485 1013 1564 οὕτως
1041 1482 1060 1553 ὁ
1092 1492 1184 1554 ΓΔΘ

163 1595 272 1671 κῶνος
294 1586 315 1677 ἢ
334 1590 515 1675 κύλινδρος
533 1589 617 1675 πρὸς
634 1588 696 1657 τὸν
709 1595 812 1657 ΓΔΚ
827 1593 939 1659 κῶνον
953 1586 974 1676 ἢ
989 1591 1185 1678 κύλινδρον.

163 1697 202 1765 τὰ
223 1699 262 1766 δὲ
279 1696 363 1785 πρὸς
380 1695 418 1764 τὸ
437 1693 520 1764 αύτὸ
539 1695 600 1764 τὸν
620 1693 727 1763 αὐτὸν
745 1700 864 1782 ἔχοντα
883 1695 986 1782 λόγον
1008 1705 1066 1764 ἴσα
1087 1699 1184 1766 ἐστίν.

165 1813 238 1884 ἶσος
261 1804 325 1891 ἄρα
349 1801 368 1872 ὁ
392 1810 491 1871 ΑΒΖ
514 1805 624 1880 κῶνος
646 1797 667 1887 ἢ
689 1799 871 1887 κύλινδρος
892 1806 937 1893 τῷ
967 1808 1063 1870 ΓΔΘ
1087 1803 1184 1894 κῶνω

164 1907 185 1997 ἢ
209 1916 391 2003 κυλίνδρῳ·
415 1907 496 1996 ὅπερ
520 1912 588 1976 ἔδει
613 1909 727 1988 δεῖξαι.

113 2149 147 2198 15
234 2124 310 2193 Δύο
333 2124 465 2193 κύκλων
488 2122 563 2207 περὶ
587 2120 624 2189 τὸ
649 2119 732 2189 αὐτὸ
756 2121 895 2207 κέντρον
919 2119 1030 2190 ὄντων
1053 2127 1103 2201 εἰς
1125 2122 1186 2192 τὸν

164 2235 298 2316 μείζονα
325 2229 449 2297 κύκλον
477 2225 677 2312 πολύγωνον
709 2225 910 2312 ἰσόπλευρον
942 2227 1111 2314 ἐγγράψαι
1139 2228 1184 2316 μὴ

163 2338 276 2411 ψαῦον
298 2345 360 2403 τοῦ
384 2337 565 2414 ἐλάσσονος
588 2332 722 2400 κύκλου.

232 2445 380 2507 ἔστωσαν
404 2442 467 2509 δύο
485 2440 602 2509 κύκλοι
621 2440 696 2526 περὶ
713 2437 751 2506 τὸ
771 2435 854 2508 αὐτὸ
869 2440 1010 2524 κέντρον
1026 2443 1062 2507 ολ
1073 2447 1185 2526 ΑΒΓ,

167 2552 276 2614 ΔΕΖ.
326 2550 380 2612 δεῖ
406 2545 448 2633 δὴ
476 2552 524 2626 εἰς
549 2545 610 2615 τὸν
639 2551 773 2633 μείζονα
804 2545 931 2613 κύκλον
959 2545 1020 2614 τὸν
1050 2553 1186 2615 ΑΒΓΔ

164 2652 364 2738 πολύγωνον
388 2652 590 2737 ἰσόπλευρον
614 2650 778 2738 ἐγγράψαι
801 2650 845 2739 μὴ
866 2655 978 2732 ψαῦον
1005 2657 1068 2720 τοῦ
1093 2653 1183 2721 ἐλάτ-

164 2785 262 2838 τονος
284 2758 410 2828 κύκλου
431 2764 493 2826 τοῦ
517 2767 589 2828 ΕΖ.

231 2862 392 2951 ἤχθωσαν
415 2869 484 2933 τῶν
508 2870 616 2950 ΑΒΓ,
640 2873 742 2933 ΔΕΖ
764 2865 898 2934 κύκλων
922 2863 986 2933 δύο
1011 2863 1184 2950 διάμετροι

166 3082 193 3141 Ζ
215 3080 255 3163 τῇ
280 3081 349 3145 ΑΓ
368 3076 451 3162 πρὸς
475 3075 582 3165 ὀρθάς
608 3074 629 3163 ἡ
655 3085 729 3144 ΖΗ
750 3078 806 3146 καὶ
829 3079 1045 3164 ἐκβεβλήσθω
1070 3078 1122 3146 ἐτιλ
1145 3076 1181 3145 τὸ

166 3187 234 3250 ΖΘ.
281 3182 459 3268 ἐφάπτεται
487 3182 553 3270 άρα
581 3193 642 3251 τοῦ
670 3190 733 3250 ΕΖ
760 3184 895 3252 κύκλον.
942 3185 1118 3271 τέμνοντες
1141 3181 1182 3269 δὴ

164 3287 227 3372 τὴν
250 3295 313 3357 ΓΔ
339 3291 555 3375 περιφέρειαν
583 3294 660 3377 δίχα
689 3290 744 3357 καλ
772 3290 835 3376 τὴν
858 3290 1014 3379 ἡμίσειαν
1041 3294 1100 3377 τῆς
1123 3295 1184 3357 ΓΔ

166 3399 242 3481 δίχα
265 3396 320 3463 καὶ
343 3401 441 3463 τοῦτο
465 3392 517 3462 άεὶ
540 3401 717 3476 ποιοῦντες
738 3396 974 3483 καταλήψομέν
996 3423 1073 3465 τινα
1095 3419 1183 3483 στερι-

166 3502 319 3588 φέρειαν,
347 3501 419 3588 ἥτις
447 3507 537 3569 ἔσται
565 3501 717 3570 ἐλάσσων
740 3512 799 3589 τῆς
821 3509 899 3572 ΗΓ.
944 3502 1106 3590 λελήφθω
1130 3503 1184 3571 καὶ
