2468 3952
136 217 178 282 88
504 217 705 271 ΣΤΟΙΧΕΙΩΝ
724 214 776 272 ια’.

133 357 171 427 τὸ
206 358 268 445 μὲν
297 364 357 425 ΓΖ
384 357 732 447 παραλληλόγραμμον
763 368 808 449 τῶ
836 362 914 426 ΒΜ
942 363 1151 445 παραλληλο-

134 465 274 557 γράμμῳ
303 473 394 551 ίσον,
426 462 463 531 τὸ
493 464 531 533 δὲ
558 470 630 532 ΓΗ
652 475 697 556 τῶ
726 471 807 532 ΒΝ·
839 462 1043 532 ἀπεναντίον
1070 461 1151 550 γάρ·

133 572 189 640 καὶ
212 570 249 639 τὸ
273 576 399 658 πρίσμα
422 567 489 654 ἄρα
510 570 549 639 τὸ
572 571 809 658 περιεχόμενον
832 568 897 638 ὑπὸ
918 570 981 639 δύο
1001 568 1063 656 μὲν
1080 593 1148 655 τρι-

134 677 255 764 γῶνων
278 689 345 745 τῶν
368 684 489 763 ΑΖΗ,
519 684 634 763 ΔΓΕ,
661 680 765 764 τριῶν
793 676 831 745 δὲ
852 671 1152 762 παραλληλογράμ-

99 802 207 871 5μων
235 793 303 851 τῶν
327 791 412 868 ΑΔ,
441 790 528 868 ΔΗ,
556 789 629 851 ΓΗ
653 790 729 851 ίσον
758 783 828 850 ἐστὶ
854 787 899 874 τῷ
923 787 1080 869 πρίσματι
1103 782 1150 872 τῶ

133 890 356 980 περιεχομένῳ
398 885 464 957 ὑπὸ
503 888 565 956 δύο
603 888 665 975 μὲν
701 889 876 977 τριγώνων
912 898 981 957 τῶν
1018 892 1152 971 ΜΛΝ,

134 1003 249 1081 ΘΒΚ,
278 999 381 1084 τριῶν
408 995 447 1064 δὲ
474 994 829 1084 παραλληλογράμμων
855 999 924 1063 τῶν
947 1002 1036 1079 ΒΜ,
1065 998 1151 1078 ΘΝ,

133 1109 210 1171 ΒΝ.
260 1099 377 1171 κοινὸν
405 1107 617 1189 προσκείσθω
645 1102 683 1171 τὸ
712 1100 864 1190 στερεὸν,
893 1092 935 1169 οὗ
962 1099 1061 1186 βάσις
1087 1097 1150 1185 μὲν

133 1207 170 1276 τὸ
186 1215 251 1274 ΑΒ
270 1207 634 1295 παραλληλόγραμμον,
656 1206 858 1276 ἀπεναντίον
882 1207 920 1275 δὲ
937 1205 975 1275 τὸ
991 1211 1149 1274 ΗΕΘΜ·

81 1334 114 1383 10
138 1311 220 1381 ὅλον
247 1312 373 1398 ἄρατὸ
398 1320 474 1380 ΓΜ
497 1313 632 1399 στερεὸν
659 1316 989 1403 παραλληλεπίπεδον
1013 1313 1080 1401 ὅλῳ
1104 1319 1149 1402 τῷ

134 1425 205 1487 ΓΝ
224 1422 345 1510 στερεῷ
369 1421 688 1512 παραλληλεπιπέδῳ
712 1427 789 1489 ίσον
812 1422 913 1490 ἐστίν.

204 1523 251 1591 Τὰ
279 1523 345 1612 ἄρα
373 1524 425 1592 ἐπὶ
452 1535 511 1612 τῆς
538 1522 641 1611 αὐτῆς
668 1525 796 1611 βάσεως
819 1525 901 1594 ὄντα
925 1524 1041 1613 στερεὰ
1065 1549 1149 1612 παρ-

134 1633 376 1717 αλληλεπίπεδα
395 1631 450 1698 καὶ
469 1628 534 1698 ὑπὸ
555 1628 592 1699 τὸ
612 1629 694 1700 αὐτὸ
714 1629 815 1717 ὕψος,
839 1623 888 1699 ῶν
907 1634 944 1698 αί
961 1634 1149 1717 ἐφεστῶσαι

134 1738 186 1806 ἐπὶ
218 1739 284 1804 τῶν
317 1735 429 1804 αὐτῶν
461 1741 547 1805 εἰσιν
577 1735 738 1824 εὐθειῶν,
771 1745 827 1806 ἶσα
860 1734 1015 1824 ἀλλήλοις
1042 1739 1148 1805 ἐστίν·

82 1864 115 1915 15
134 1842 216 1932 ὅπερ
241 1849 308 1912 ἔδει
331 1846 445 1925 δεῖξαι.

623 1984 660 2054 λ’.

204 2110 255 2177 Τὰ
280 2109 344 2177 ἐπὶ
367 2120 435 2196 τῆς
459 2106 579 2195 αὐτῆς
601 2109 754 2194 βάσεως
778 2107 872 2177 ὄντα
895 2108 1034 2194 στερεὰ
1053 2132 1149 2193 παρ·

133 2218 424 2300 αλληλεπίπεὸα
446 2216 510 2282 καὶ
532 2213 606 2282 ὑπὸ
631 2213 672 2283 τὸ
697 2212 792 2283 αὐτὸ
810 2213 928 2301 ὕψος,
952 2207 1005 2284 ῶν
1024 2217 1066 2282 αί
1083 2217 1148 2300 ἐφ-

134 2330 301 2388 εστῶσαι
325 2317 396 2387 οὐκ
419 2321 524 2388 είσὶν
548 2322 705 2389 ἐπὶτῶν
724 2318 853 2389 αὐτῶν
873 2321 1058 2406 εὐθειῶν,
1083 2329 1149 2387 ίσα

81 2447 115 2498 20
134 2423 322 2510 ἀλλήλοις
346 2427 465 2495 ἐστίν.

193 2529 300 2599 Ἔστω
324 2531 377 2599 ἐπὶ
399 2535 458 2618 τῆς
480 2529 583 2619 αὐτῆς
606 2534 735 2619 βάσεως
756 2537 815 2620 τῆς
837 2541 902 2601 ΑΒ
927 2530 1042 2621 στερεὰ
1066 2556 1148 2620 παρ-

134 2640 376 2723 αλληλεπίπεδα
398 2636 438 2705 τίι
463 2645 549 2726 ΓΜ,
568 2647 640 2708 ΓΝ
658 2637 724 2709 ὑπὸ
747 2638 785 2709 τὸ
809 2638 892 2709 αὐτὸ
915 2641 1017 2725 ὕψος,
1041 2629 1090 2706 ῶν
1114 2638 1155 2703 αί

134 2746 318 2830 ἐφεστῶσαι
345 2747 383 2810 αί
403 2752 484 2830 ΑΖ,
512 2753 599 2831 ΑΗ,
627 2753 717 2832 ΛΜ,
745 2753 831 2831 ΛΝ,
858 2753 941 2832 ΓΔ,
968 2751 1046 2830 ΓΕ,
1070 2750 1148 2828 ΒΘ,

133 2856 202 2918 ΒΚ
230 2850 274 2937 μὴ
304 2855 452 2919 ἔστωσαν
479 2853 623 2921 ἐπὶτῶν
646 2851 759 2920 αὐτῶν
782 2848 941 2920 εὐθειῶν·
968 2853 1069 2938 λέγω,
1098 2847 1150 2917 ὅτι

80 2977 113 3027 25
134 2965 209 3024 ίσον
233 2958 302 3025 ἐστὶ
324 2954 362 3024 τὸ
387 2962 467 3023 ΓΜ
485 2956 621 3045 στερεὸν
643 2967 689 3050 τςό
713 2962 784 3023 ΓΝ
804 2959 935 3047 στερεῷ.

197 3061 498 3149 Ἐκβεβλήσθωσαν
525 3061 589 3148 γὰρ
618 3066 656 3130 as
680 3068 767 3150 NK,
792 3069 858 3130 ΔΘ
887 3062 943 3129 καὶ
970 3061 1150 3148 συμπιπτέ-

205 3265 229 3312 2.
248 3254 292 3328 τό]
312 3273 382 3312 corr.
403 3274 437 3311 ex
455 3260 493 3330 τῷ
512 3275 549 3313 m.
569 3264 583 3312 l
602 3259 632 3312 F.
735 3265 759 3313 3.
779 3257 832 3328 μὲν
851 3255 907 3313 ὑπὸ
928 3256 981 3314 δίο
1000 3256 1058 3314 Vb.

132 3335 157 3383 4.
178 3329 276 3399 ΔΓΕ]
306 3331 395 3381 ΔΕΓ
411 3328 441 3384 Β.
550 3335 574 3384 5.
596 3330 667 3402 ΓΗ]
696 3334 757 3384 ΗΓ
771 3330 810 3398 V,
838 3331 867 3384 ολ
890 3347 922 3384 su
942 3347 974 3386 ra
997 3347 1048 3384 scr.
1067 3344 1103 3379 m·
1125 3330 1151 3393 1,

133 3415 201 3454 corr.
221 3398 252 3451 in
272 3403 331 3452 ΓΗ
347 3416 384 3455 m.
404 3405 419 3452 2
439 3399 466 3455 b.
558 3407 582 3455 6.
602 3401 710 3472 ΜΛΝ]
737 3403 800 3455 Νο
820 3417 888 3456 corr.
936 3442 941 3455 .
1035 3407 1058 3454 7.
1078 3395 1149 3466 τῶν]

134 3469 249 3525 sustulit
266 3469 378 3524 macula
395 3469 425 3524 in
444 3470 478 3536 V,
498 3487 582 3540 supra
601 3474 645 3526 est
662 3474 684 3526 ῶ
702 3472 765 3528 add.
786 3492 802 3525 ν
821 3490 858 3526 m.
877 3478 922 3528 2.·
995 3467 1068 3540 ΘΝ]
1088 3467 1120 3518 Ν
1124 3467 1151 3520 Θ

133 3540 232 3596 BF-et
249 3557 264 3594 e
279 3556 348 3595 corr.
362 3540 396 3594 V.
459 3547 483 3597 9.
502 3537 534 3596 τὸ
550 3543 694 3615 ΗΕΘΜ]
712 3560 769 3612 mg.
784 3542 892 3612 (addito
907 3545 960 3614 γρ.)
974 3543 1007 3612 b;
1025 3542 1055 3597 in
1069 3539 1150 3593 textu
