2468 3952
179 230 243 295 194
550 231 751 283 ΣΤοτΧΕιοΝ
769 229 819 298 ιβ’.

176 379 312 442 ΑΒΓΔ
344 373 571 459 τετράγωνον,
603 372 735 460 κορυφή
769 373 806 440 δέ
837 370 858 459 ή
893 371 977 460 αύτή
1005 378 1051 464 τῷ
1080 373 1191 466 κώνῳ,

175 487 295 569 μείζων
319 480 409 548 ἐστὶν
432 476 452 566 ή
476 476 513 547 τὸ
537 480 640 566 ήμισν
662 490 723 548 τοῦ
737 478 857 549 κώνου.
889 479 1130 566 τετμήσθωσαν
1155 486 1193 548 αί

175 596 255 674 ΑΒ,
284 592 358 672 ΒΓ,
387 591 463 670 ΓΔ,
488 592 558 653 ΔΑ
581 588 787 675 περιφέρειαι
812 590 888 672 δίχα
911 583 993 652 κατά
1016 585 1056 653 τὰ
1082 595 1124 674 Ε,
1149 596 1189 675 Ζ,

173 703 226 782 H,
253 703 282 762 Θ
309 707 443 779 σημεῖα,
470 692 525 759 καὶ
554 693 804 779 ἐπεζεύχθωσαν
833 695 870 759 αί
891 701 972 778 ΑΕ,
1003 700 1081 778 ΕΒ,
1109 701 1188 780 ΒΖ,

137 816 153 869 5
173 809 245 889 ΖΓ,
268 809 350 888 ΓΗ,
369 809 457 886 ΗΔ,
478 808 558 886 ΔΘ,
578 807 656 866 ΘΑ·
679 799 735 865 καὶ
753 800 893 866 ἕκαστον
907 797 974 884 ἀρα
987 803 1056 866 τών
1072 802 1188 887 ΑΕΒῘ,

172 916 285 996 ΒΖΓ,
322 916 445 994 ΓΗΔ,
478 913 581 974 ΔΘΑ
616 906 791 994 τριγώνων
828 904 940 991 μεῖζόν
972 907 1062 973 έστιν
1095 903 1115 992 ή
1148 907 1186 975 τὸ

171 1012 275 1101 ήμισυ
303 1015 402 1104 μέρος
433 1018 494 1082 τού
525 1010 605 1081 καθ’
641 1010 740 1080 ἑαυτὸ
769 1011 937 1099 τμήματος
963 1016 1025 1079 τοῦ
1052 1020 1187 1080 ΑΒΓΔ

169 1119 305 1189 κύκλου.
358 1121 415 1187 καὶ
447 1116 683 1187 ἀνεστάτωσαν
715 1115 769 1205 ἐφ’
804 1117 946 1187 ἑκάστου
973 1124 1040 1187 τών
1068 1128 1185 1208 ΑΕΒ,

170 1231 283 1311 ΒΖΓ,
311 1232 432 1310 ΓΗΔ,
462 1232 566 1292 ΔΘΑ
588 1223 763 1314 τριγώνων
786 1230 969 1313 πυραμίδες
991 1224 1054 1312 τήν
1078 1224 1185 1314 αύτήν

118 1351 151 1401 10
168 1330 325 1421 κορυφήν
361 1337 497 1419 ἔχουσαι
533 1342 579 1424 τῳ
615 1331 728 1422 κώνῳ·
763 1331 819 1399 καὶ
857 1333 975 1418 ἑκάστη
1013 1332 1079 1420 ἀρα
1115 1338 1184 1402 τών

170 1435 426 1507 ἀνασταθεισῶν
463 1443 661 1527 πυραμίδων
698 1437 780 1506 κατὰ
817 1439 878 1507 τὸν
916 1437 1020 1507 αύτδν
1056 1440 1184 1527 τρόπον

169 1552 288 1631 μείζων
313 1546 403 1614 ἐστὶν
426 1543 447 1633 ή
470 1545 509 1614 τὸ
532 1545 635 1633 ήμισυ
659 1547 759 1633 μέρος
780 1550 842 1613 τοῦ
860 1543 939 1613 καθ’
962 1545 1084 1633 ἑαυτήν
1103 1548 1183 1634 τμή-

169 1678 271 1738 ματος
298 1662 359 1720 τού
386 1651 508 1722 κώνου.
557 1653 733 1739 τέμνοντες
763 1650 804 1738 δή
832 1651 891 1731 τάς
918 1649 1184 1739 ὑπολειπομένας

168 1764 379 1847 περιφερείας
407 1762 483 1846 δίχα
515 1757 570 1824 καὶ
598 1756 847 1844 ἐπιζευγνύντες
878 1755 1013 1838 εὐθείας
1040 1761 1096 1827 καὶ
1124 1759 1182 1828 άν-

116 1881 148 1931 15
168 1862 318 1944 ιστάντες
350 1863 406 1951 ἐφ’
442 1863 584 1931 ἑκάστου
615 1868 683 1932 τών
715 1864 890 1953 τριγώνων
921 1870 1092 1951 πυραμίδα
1119 1865 1181 1953 τήν

166 1968 274 2057 αὐτήν
296 1969 452 2060 κορυφήν
476 1976 620 2058 ἔχουσαν
642 1975 688 2063 τῷ
711 1972 808 2062 κώνῳ
832 1971 1009 2039 καὶτοῦτο
1033 1968 1085 2039 ἀεὶ
1108 1997 1182 2040 ποι-

166 2081 283 2156 οῦντες
309 2079 550 2165 καταλείψομέν
579 2103 656 2145 τινα
678 2074 897 2164 ἀποτμήματα
919 2080 981 2145 τοῦ
1003 2076 1131 2164 κώνου,
1160 2075 1181 2146 δ

165 2187 256 2249 ἔσται
279 2181 440 2252 ἐλάττονα
463 2195 521 2272 τῆς
538 2181 719 2271 ὑπεροχῆς,
742 2174 765 2271 ή
783 2180 936 2270 ὑπερέχει
954 2181 972 2251 ὁ
990 2188 1100 2264 κώνος
1118 2191 1180 2253 τού

163 2293 278 2373 τρίτον
310 2289 432 2376 μέρους
462 2292 524 2356 τοῦ
549 2290 742 2376 κυλίνδρου.
792 2293 977 2374 λελείφθω,
1010 2290 1066 2356 καὶ
1095 2295 1179 2362 ἔστω

111 2413 145 2463 20
163 2390 203 2460 τδι
223 2394 276 2461 ἐπὶ
294 2398 362 2463 τών
381 2402 461 2479 ΑΕ,
486 2402 562 2481 ΕΒ,
587 2401 664 2479 ΒΖ,
689 2399 764 2479 ΖΓ,
788 2399 869 2481 ΓΗ,
892 2402 977 2480 ΗΔ,
998 2404 1079 2482 ΔΘ,
1104 2407 1179 2469 ΘΑ·

163 2501 261 2586 λοιπή
277 2499 377 2589 ἀραή
392 2507 548 2589 πυραμίς,
561 2491 602 2587 ής
614 2502 711 2585 βάσις
725 2501 786 2588 μέν
801 2503 870 2570 ἐστι
879 2501 916 2569 τὸ
928 2510 1179 2575 ΑΕΒΖΓΗΔΘ

161 2708 183 2799 ή
211 2718 324 2797 τρίτον
352 2715 450 2801 μέρος
477 2717 539 2781 τοῦ
561 2718 755 2802 κυλίνδρου.
807 2711 879 2782 ἀλλ’
905 2713 926 2802 ή
950 2723 1109 2803 πυραμίς,
1137 2711 1177 2805 ής

161 2818 258 2905 βάσις
281 2821 344 2907 μέν
366 2823 435 2888 ἐστι
458 2820 495 2888 τὸ
515 2826 791 2888 ΑΕΒΖΓΗΔΘ
813 2822 1023 2909 πολύγωνον,
1042 2825 1176 2911 κορυφή

107 2943 141 2993 25
161 2923 199 2992 δὲ
222 2923 242 3012 ή
262 2923 346 3013 αύτή
365 2929 410 3018 τῷ
429 2928 542 3018 κώνῳ,
565 2933 679 3016 τρίτον
698 2929 769 3004 ἐστὶ
785 2929 884 3014 μέρος
901 2933 962 2997 τού
980 2934 1175 3017 πρίσματος,

160 3021 202 3098 οὗ
220 3030 318 3116 βάσις
337 3033 398 3118 μέν
418 3035 487 3101 ἐστι
509 3030 548 3100 τὸ
564 3037 839 3100 ΑΕΒΖΓΗΔΘ
853 3033 1064 3120 πολύγωνον,
1087 3033 1175 3117 ὕψος

160 3136 198 3205 δὲ
225 3136 263 3206 τὸ
291 3136 373 3206 αὐτὸ
401 3143 447 3230 τῳ
471 3141 653 3229 κυλίνδρῳ·
681 3144 717 3206 τὸ
747 3137 813 3224 ἀρα
841 3146 982 3227 πρίσμα,
1012 3133 1054 3209 οὗ
1077 3145 1175 3229 βάσις

230 3358 254 3406 2.
273 3348 317 3422 τό]
337 3368 391 3407 om.
409 3353 440 3407 P.
513 3349 556 3422 αλ]
575 3351 618 3405 bis
637 3349 671 3417 Ρ,
690 3352 740 3405 sed
758 3368 827 3407 corr.
901 3359 925 3407 3.
945 3351 991 3424 τά]
1010 3352 1043 3408 τύ
1062 3374 1089 3425 q.

158 3427 183 3477 δ.
201 3422 268 3494 ΙΘΑ]
289 3438 343 3477 om.
364 3425 393 3479 Β.
476 3428 501 3478 8.
521 3418 587 3494 ἐφ’]
607 3416 663 3490 ἀφ’
683 3421 770 3490 BVq.
858 3429 899 3479 10.
920 3422 1031 3494 ἔχοντες
1050 3426 1084 3481 V.

158 3498 200 3549 12.
219 3496 316 3563 μεῖζον
335 3495 365 3563 Ρ,
384 3511 454 3550 corr.
472 3511 509 3550 m.
528 3508 583 3548 ree.
638 3488 724 3548 ἑαυτό
743 3493 859 3564 PBVq;
881 3512 949 3551 corr.
969 3498 1011 3552 ed.
1026 3497 1112 3553 Basil.

81 3618 85 3627 ,
158 3569 201 3620 17.
219 3560 351 3635 τμήματα
367 3564 430 3621 BV.
504 3570 547 3620 19.
564 3560 700 3633 λολήφθω
719 3583 746 3634 q.
818 3572 861 3622 21.
881 3570 1124 3642 ΑΕΒΖΓΗΔΘ]
1147 3572 1172 3625 Θ

70 3608 131 3724 h
