2468 3952
373 203 648 255 mnuauroauu
665 204 775 278 mame
792 206 838 258 m.
1048 192 1114 268 135

94 349 132 410 et
157 346 231 411 aubi
253 304 433 411 diametrus
456 347 542 411 inter
566 368 599 410 se
622 347 657 412 in
681 345 760 411 duas
774 350 883 431 partes
899 350 1113 432 aequalesse·

95 452 230 537 eabunt3
254 452 341 538 quod
365 457 446 518 erat·
459 452 752 518 demonstrandum.

531 699 681 766 XXXIX.

165 822 200 890 Si
215 825 351 890 duorum
360 826 553 910 prismatum
561 826 694 890 eandem
705 825 909 890 altitudinem
922 826 1111 891 habentium

96 932 145 996 alt
130 935 236 996 terum
258 931 365 996 basim
383 932 734 1016 parallelogrammum,
758 933 895 997 alterum
909 932 1112 1016 triangulum

63 1119 66 1125 ¹
94 1037 260 1121 habetet
227 1038 623 1122 etparallologrammum
637 1038 737 1123 duplo
752 1039 856 1102 maius
872 1061 906 1103 es
907 1038 1112 1124 ttriangulo,

94 1143 255 1226 prismata
279 1144 427 1228 aequalia
450 1146 534 1208 sunt.

163 1248 237 1314 Duo
251 1250 377 1333 prisma
379 1253 413 1314 ta
428 1250 494 1314 sint
507 1252 720 1334 ΑΒΓΔΕΖ,
735 1253 967 1314 ΗΘΚΛΜΝ
977 1251 1112 1315 eandem

95 1355 302 1421 altitudinem
332 1356 501 1440 habentia,
534 1360 567 1420 et
599 1358 735 1422 alterum
767 1356 872 1421 basim
899 1357 1020 1423 babeat
1046 1363 1079 1420 A
1085 1361 1112 1420 Z

95 1462 452 1546 parallelogrammum,
481 1463 620 1527 alterum
644 1464 845 1548 triangulum
867 1468 989 1548 ΗΘΚ,
1014 1468 1047 1529 et
1070 1464 1113 1529 sit

95 1573 162 1632 ΑΖ
177 1598 219 1633 τε,
234 1570 376 1635 ΖΗΘΚ.
414 1569 494 1652 dieo,
514 1590 583 1633 esse
597 1571 804 1634 ΑΒΓΔΕΖ
819 1600 861 1621 =
875 1573 1111 1635 ΗΘΚΛΜΝ.

164 1675 357 1759 expleantur
386 1676 473 1740 enim
502 1675 604 1748 solida
631 1674 698 1748 ΑΞ
700 1679 774 1758 H
777 1679 812 1740 0
867 1677 1019 1759 quoniam
1047 1682 1111 1742 ΑΖ

94 1782 356 1863 =2Ho1<,t
324 1803 340 1844 e
342 1780 704 1862 toK=-[2Ho1(1
704 1782 799 1865 3,4],
776 1782 885 1862 ]erit
901 1785 1020 1844 AZ=
979 1786 1111 1847 -ΘΚ,

353 2005 856 2353 a

94 2485 280 2550 solidat
223 2489 280 2550 aut
281 2507 331 2550 em
354 2485 636 2569 parallelepipeda,
660 2486 798 2570 quaein
821 2486 1009 2570 aequalibus
1034 2490 1109 2551 sunt

94 2592 228 2656 basibus
253 2596 286 2657 et
308 2592 443 2656 eandem
468 2591 674 2656 altitudinem
696 2591 831 2675 habent,
862 2593 1009 2675 aequalia
1033 2597 1109 2658 sunt

96 2700 202 2782 [prop.
238 2697 373 2780 XXXH.
431 2698 541 2782 itaque
573 2696 640 2772 ΑΞ
652 2728 694 2750 =
708 2701 749 2761 H
751 2695 785 2763 0.
840 2701 873 2762 et
908 2701 1109 2764 ΑΒΓΔΕΖ

96 2835 139 2857 =
154 2809 176 2889 ᾖ
189 2806 271 2888 ΑΞ,
294 2808 525 2869 ΗΘΚΛΜΝ
536 2835 577 2856 =
592 2808 615 2888 l,
628 2807 699 2867 ΗΟ
723 2805 827 2887 [prop.
849 2803 1016 2885 XXVIH].
1049 2807 1108 2870 ita·

94 2933 157 2995 que
181 2915 385 2976 ΑΒΓΔΕΖ
402 2942 443 2964 =
458 2914 691 2976 ΗΘΚΛΜΝ.
