2468 3952
141 211 205 274 144
510 211 709 264 Σεοικυιαα
728 207 777 282 ιμ’.

138 360 207 424 τῶν
238 361 355 440 ΕΚΖ,
394 358 511 441 ΖΛΗ,
548 359 674 440 ΗΜΘ,
706 360 812 421 ΘΝΕ
841 351 1018 443 τριγώνων
1050 349 1156 438 ἥμισυ

140 467 231 530 ἔσται
262 472 324 530 τοῦ
355 460 435 530 καθ’
471 459 568 528 ἑαυτὸ
600 460 965 550 παραλληλογράμμου,
998 457 1084 525 ἀλλὰ
1116 483 1154 526 το

50 589 54 597 ·
139 565 220 637 καθ’
243 567 340 638 ἑαυτὸ
356 571 466 655 τμῆμα
480 566 618 635 ἔλαττόν
633 569 702 635 ἐστι
716 577 777 634 τοῦ
790 563 1156 654 παραλληλογράμμου·

140 675 224 745 ὥστε
251 677 390 744 ἕκαστον
417 678 485 743 τῶν
509 680 622 758 ΕΚΖ,
654 680 774 760 ΖΛΗ,
802 679 929 760 ΗΜΘ,
957 678 1062 740 ΘΝΕ
1087 697 1156 759 τρι-

103 782 260 870 ογύνων
287 781 399 869 μεῖζόν
423 781 491 848 ἐστι
514 792 576 849 τοῦ
599 780 742 870 ἡμίσεως
764 785 826 850 τοῦ
848 777 927 849 καθ’
954 778 1051 848 ἑαυτὸ
1077 777 1156 866 τμή-

140 915 243 973 ματος
269 892 330 957 τοὺ
358 887 493 957 κύκλου.
539 891 715 976 τέμνοντες
743 887 785 976 θη
808 887 868 968 τὰς
890 885 1157 973 ὑπολειπομένας

139 1000 351 1083 περιφερείας
374 1000 451 1082 δίχα
474 995 529 1062 καὶ
553 997 800 1083 ἐπιζευγνύντες
822 993 958 1072 εὐθείας
980 993 1155 1061 καὶτοῦτο

140 1099 192 1170 άεὶ
201 1106 377 1181 ποιοῦντες
385 1102 626 1188 καταλείψομέν
635 1128 711 1170 τινα
721 1101 939 1189 άποτμηματιι
947 1110 1009 1168 τοῦ
1017 1098 1155 1184 κύκλου,

140 1204 161 1274 ά
186 1211 276 1274 ἔσται
300 1193 466 1276 ἐλάσσονα
488 1219 547 1294 τῆς
569 1205 744 1298 ὑπεροχῆς,
768 1199 789 1298 ᾖ
809 1206 961 1295 ὑπερέχει
980 1203 997 1274 ὁ
1019 1212 1156 1273 ΕΖΗΘ
1198 1292 1201 1298 ³

88 1334 122 1383 10
140 1313 261 1392 κύκλος
292 1318 353 1381 τοῦ
381 1322 415 1380 Σ
439 1320 571 1400 χωρίου.
628 1318 763 1403 ἐδείχθη
796 1315 861 1403 γάρ
894 1316 932 1382 ἐν
961 1323 1006 1404 τῷ
1035 1312 1155 1406 πρύτφ

140 1418 334 1507 θεωρήματι
365 1431 426 1488 τοῦ
463 1420 603 1489 θεκάτου
635 1427 783 1508 βιβλίου,
821 1420 872 1489 ὅτι
905 1420 967 1489 δύο
999 1423 1157 1507 μεγεθῶν

141 1523 269 1594 ἀνίσων
298 1528 510 1614 ἐκκειμένων,
543 1527 603 1595 ἐάν
627 1524 691 1597 άπὸ
716 1539 777 1597 τοῦ
805 1533 956 1614 μείζονος
983 1524 1156 1615 ἀφαιρεθῇ

142 1639 254 1720 μεῖζον
277 1632 298 1719 ἢ
322 1632 358 1701 τὸ
384 1631 487 1720 ἥμισυ
521 1635 576 1701 καὶ
603 1638 665 1701 τοῦ
692 1636 974 1722 καταλειπομένου
997 1627 1155 1720 μεῖζονῆ

141 1738 178 1807 τὸ
203 1737 316 1826 ἥμισυ,
340 1741 517 1808 καὶτοῦτο
541 1738 593 1808 άελ
615 1747 780 1828 γίγνηται,
804 1740 1025 1828 λειφθήσεταί
1045 1765 1078 1807 τι
1101 1740 1157 1826 μέ-

90 1864 123 1915 15
142 1856 258 1931 γεθος,
296 1843 314 1913 ὑ
348 1851 440 1914 ἔσται
472 1851 614 1923 ἐλάσσον
651 1851 712 1915 τού
746 1848 936 1934 ἐκκειμένου
973 1845 1157 1926 ἐλάσσονος

140 1953 311 2039 μεγέθους.
358 1957 526 2039 λελείφθω
551 1945 629 2038 οὖν,
656 1953 711 2020 καὶ
735 1953 880 2020 ἔστωτὰ
905 1953 1049 2026 ἐπὶτῶν
1073 1958 1143 2019 ΕΚ
1147 2004 1156 2038 ,

141 2065 225 2144 ΚΖ,
257 2067 335 2146 ΖΛ,
364 2067 449 2145 ΛΗ,
477 2067 575 2144 ΗΜ,
605 2067 690 2144 ΜΘ,
718 2067 801 2145 ΘΝ,
830 2066 901 2127 ΝΕ
921 2059 1073 2149 τμήματα
1095 2062 1159 2127 τού

142 2173 277 2233 ΕΖΗΘ
309 2166 435 2234 κύκλου
467 2166 627 2234 ἐλάττονα
658 2171 716 2253 της
742 2164 922 2257 ὑπεροχῆς,
955 2159 976 2256 ᾖ
1004 2163 1157 2254 ὑπερέχει

143 2269 160 2338 ὑ
195 2279 330 2340 ΕΖΗΘ
366 2272 487 2351 κύκλος
518 2276 579 2341 τοῦ
612 2280 647 2339 Σ
676 2279 810 2361 χωρίου.
861 2270 981 2340 λοιπὸν
1017 2270 1085 2358 ,άρα
1116 2272 1157 2341 τὸ

89 2400 123 2450 20
142 2384 436 2445 ΕΚΖΛΗΜΘΝ
454 2378 654 2465 πολύγωνον
672 2377 785 2465 μεῖζόν
804 2381 873 2448 ἐστι
891 2388 954 2446 τοῦ
971 2387 1005 2445 Σ
1021 2384 1157 2468 χωρίου.

141 2485 362 2572 ἐγγεγράφθω
376 2486 431 2553 καλ
442 2489 489 2564 είς
497 2484 557 2553 τὸν
568 2491 691 2554 ΑΒΓΔ
699 2484 825 2554 κύκλον
834 2489 880 2577 τῷ
891 2491 1162 2554 ΕΚΖΛΗΜΘΝ

127 2591 326 2681 Ιπολυγύνφ
344 2589 464 2679 ὅμοιον
482 2591 682 2678 πολύγωνον
701 2589 738 2659 τὸ
754 2594 1041 2668 ΑΞΒΟΓΠΔΡ·
1066 2598 1159 2661 ἔστιν

141 2696 208 2784 άρα
232 2694 277 2778 ως
299 2696 337 2765 τὸ
361 2696 426 2765 άπὸ
451 2701 509 2783 τῆς
527 2704 594 2765 ΒΔ
616 2698 828 2785 τετράγωνον
850 2698 934 2788 πρὸς
955 2697 994 2766 τὸ
1014 2695 1080 2766 άπὸ
1099 2703 1160 2786 τῆς

143 2810 205 2871 ΖΘ
227 2803 448 2892 τετράγωνον,
473 2802 579 2885 οὕτως
601 2806 638 2874 τὸ
659 2808 937 2881 ΑΞΒΟΓΠΔΡ
956 2805 1158 2892 πολύγωνον

88 2930 123 2981 2⁶
142 2910 225 2999 πρὸς
255 2911 292 2980 τὸ
322 2917 623 2980 ΕΚΖΛΗΜΘΝ
650 2911 859 2999 πολύγωνον.
908 2908 993 2978 άλλά
1024 2913 1080 2980 καὶ
1113 2910 1159 2994 ὡς

141 3018 178 3086 τὸ
209 3017 273 3087 άπὸ
300 3023 358 3106 της
385 3026 454 3087 ΒΔ
482 3018 693 3105 τετράγωνον
720 3017 802 3105 πρὸς
829 3017 867 3088 τὸ
901 3015 965 3087 άπὸ
993 3022 1053 3106 τῆς
1082 3027 1159 3105 ΖΘ,

143 3121 248 3205 οὑτως
278 3123 296 3193 ὁ
325 3132 458 3193 ΑΒΓΔ
484 3125 605 3205 κύκλος
632 3125 715 3212 πρὸς
742 3123 780 3192 τὸ
804 3133 839 3192 Σ
863 3130 1000 3211 χωρίον·
1029 3125 1086 3192 καλ
1114 3121 1161 3205 ὡς

142 3229 208 3320 άρα
236 3228 253 3300 ὁ
278 3236 411 3299 ΑΒΓΔ
437 3230 559 3311 κύκλος
586 3229 669 3321 πρὸς
695 3230 732 3301 τὸ
757 3240 792 3299 Σ
816 3237 955 3321 χωρίον,
985 3229 1093 3312 οὑτως
1119 3231 1159 3300 τὸ

215 3413 239 3462 1.
259 3409 358 3480 ΕΚΖ]
378 3412 431 3463 ΚΖ
449 3409 478 3463 in
496 3427 550 3466 ras.
570 3427 605 3464 m.
623 3415 636 3463 1
652 3408 687 3477 P;
708 3413 791 3465 ΕΖΚ
808 3429 846 3500 (χ.Ι
908 3410 977 3466 Post
992 3412 1083 3465 ΘΝΕ
1102 3427 1160 3466 ras.

143 3474 227 3533 mitt.
236 3477 268 3536 B.
321 3477 478 3552 τριγώνων]
500 3500 511 3533 ι
528 3481 557 3535 in
573 3497 627 3535 ras.
640 3498 677 3536 m.
692 3487 708 3535 2
724 3481 755 3536 B.
810 3500 895 3551 ημιου
911 3512 944 3522 -
959 3487 985 3537 4.
1000 3478 1159 3554 τριγάνων]

81 3516 186 3712 wir
204 3546 234 3604 Β.
299 3555 324 3606 2.
344 3545 443 3622 ἑαυτό]
459 3568 528 3608 corr.
544 3568 578 3606 ex
592 3545 695 3607 ἔαυτόν
710 3571 747 3608 m.
762 3559 778 3606 2
794 3553 816 3606 Β
830 3553 934 3622 (priore
948 3555 1061 3610 tantum
1074 3553 1160 3624 Ιοοο).
