2468 3952
344 192 619 244 mauauroaum
636 193 745 243 maure
762 193 823 246 uu.
1026 191 1090 256 157

76 338 233 420 punctum
252 339 298 420 K;
321 335 465 419 pyramis
485 338 603 417 aulem,
626 334 716 399 euius
735 335 824 399 basis
843 340 895 401 est
907 336 1091 422 triangulus

78 445 190 526 ΕΒΖ,
216 445 328 506 uertex
357 443 465 506 aulem
492 443 648 525 punctum
671 444 717 525 K,
744 441 891 525 aequalis
918 446 969 508 est
995 466 1092 528 pyra·

78 547 172 632 midi,
196 548 286 612 euius
309 546 399 611 basis
423 550 473 611 esi
495 551 607 611 ΑΕΗ
624 547 820 632 triangulus,
848 551 960 612 uertex
983 553 1091 614 autem

79 655 238 741 punctum
261 658 304 737 Θ,
331 675 408 717 nam
430 653 538 736 planis
563 653 750 737 aequalibus
770 656 803 718 el
826 654 984 718 similibus
1008 677 1093 720 eom·

78 761 334 845 prehendunlur3
367 781 467 844 quare
499 759 598 824 aliam
630 758 767 844 prisma,
799 760 889 824 euius
921 759 1010 825 basis
1043 765 1094 826 est

79 870 219 932 ΕΒΖΗ
242 867 596 951 parallelogrammum,
629 867 659 931 ei
690 871 798 931 aulem
826 866 978 950 opposita
1004 870 1094 932 reela

79 977 160 1058 ΘΚ,
187 974 292 1038 maius
321 975 370 1037 est
393 971 573 1056 pyramide,
603 972 694 1037 euius
723 973 811 1038 basis
836 977 885 1038 est
908 972 1092 1056 triangulus

79 1084 200 1165 ΑΕΗ,
218 1083 331 1144 uerbex
349 1082 458 1143 aulem
476 1081 632 1162 punctum
651 1083 689 1145 Θ.
724 1079 849 1162 prisma
867 1082 985 1164 aulem,
1003 1079 1093 1144 euius

80 1188 168 1252 basis
192 1188 243 1250 esi
264 1185 608 1269 parallelogrammum
631 1189 779 1267 EBZH,
809 1185 838 1248 ei
862 1190 971 1249 autem
994 1207 1093 1270 oppo-

80 1294 144 1358 sita
172 1295 261 1357 reela
282 1294 363 1376 ΘΚ,
391 1293 526 1376 aequale
554 1295 604 1354 est
627 1291 789 1375 prismali,
817 1292 908 1356 auius
930 1291 1020 1357 basis
1045 1295 1095 1356 est

80 1399 265 1482 triangulus
284 1402 394 1483 ΗΖΓ,
413 1399 442 1463 ei
461 1402 570 1463 aulem
589 1398 759 1482 oppositus
777 1398 959 1483 triangulus
978 1403 1081 1464 ΘΚΛ
1087 1425 1095 1485 3

81 1505 225 1590 pyramis
240 1508 359 1587 aulem,
377 1504 467 1569 euius
482 1503 570 1568 basis
586 1507 636 1568 esi
649 1504 833 1587 triangulus
848 1510 880 1569 A
886 1508 964 1589 ΕΗ,
981 1509 1095 1570 uertex

81 1615 191 1676 aulem
215 1615 243 1676 Θ
264 1614 428 1695 puuctum,
456 1611 600 1695 aequalis
624 1615 674 1675 est
697 1610 869 1695 pyramidi,
892 1611 982 1675 euius
1005 1611 1094 1676 basis

82 1721 133 1783 esi
156 1718 338 1801 triangulus
360 1720 428 1781 ΘΚ
433 1720 463 1780 Λ
469 1767 478 1801 ,
505 1720 617 1781 uertex
641 1719 750 1781 aulem
775 1722 808 1780 Δ
830 1719 994 1800 punctum.
1035 1717 1096 1781 ila·
1189 1784 1196 1796 ,

81 1847 143 1910 que
163 1823 225 1888 duo
244 1823 303 1888 illa
320 1823 489 1907 prismala
510 1845 592 1907 quae
609 1823 858 1907 nominauimus,
877 1822 1001 1887 maiora
1019 1825 1096 1887 sunl

82 1930 207 1996 duabus
226 1929 458 2014 pyramidibus,
481 1950 561 2012 quas
580 1929 830 2012 nominauimus,
849 1949 986 2012 quarum
1000 1929 1095 1995 bases

82 2041 160 2103 sunl
173 2035 330 2120 trianguli
340 2041 372 2099 A
377 2039 460 2120 ΕΗ,
470 2039 537 2099 ΘΚ
542 2039 586 2118 Λ,
600 2036 738 2100 uertices
753 2038 863 2100 autem
876 2039 998 2118 puneta
1007 2038 1044 2119 Θ,
1056 2040 1096 2099 Λ.

148 2142 238 2228 Ergo
257 2143 327 2206 tola
345 2142 498 2226 pyramis,
516 2141 606 2206 euius
621 2142 709 2206 basis
725 2144 775 2206 esi
788 2141 1096 2227 ABPiriangulus,

82 2253 196 2313 uertex
219 2250 328 2313 autem
351 2250 507 2330 punctum
526 2252 572 2330 Δ,
595 2246 630 2310 in
653 2247 732 2311 duas
755 2246 939 2332 pyramides
957 2247 1044 2313 inber
1062 2271 1097 2313 se

83 2356 236 2440 aequales
265 2353 370 2418 diuisa
399 2357 449 2417 esd
476 2357 509 2417 el
536 2355 570 2418 in
597 2354 660 2418 duo
688 2354 846 2436 prismala
874 2355 1036 2439 aequalia,
1064 2357 1097 2418 el

83 2461 146 2525 duo
174 2461 332 2545 prismaba
359 2458 484 2524 maiora
511 2465 588 2525 sunl
615 2460 748 2526 dimidio
774 2460 877 2526 lolius
904 2460 1097 2544 pyramidis3

84 2566 168 2651 quod
193 2569 263 2631 eral
286 2565 582 2630 demonstrandum.

565 2792 623 2859 IV.

152 2919 246 2984 Datis
271 2918 396 2983 duabus
418 2916 643 3001 pyramidibus
667 2918 726 2982 sub
751 2917 862 2982 eadem
880 2918 1050 2982 altitudine
1065 2921 1099 2982 el

85 3026 181 3091 bases
204 3024 387 3109 triangulas
409 3023 607 3088 habentibus
631 3023 659 3088 si
682 3028 819 3107 utraque
843 3024 877 3087 in
901 3023 979 3088 duas
1002 3045 1122 3119 pyra-¹

85 3131 187 3197 mides
216 3132 299 3196 iuter
328 3151 361 3196 se
389 3130 538 3213 aequales
565 3129 690 3214 lotique
718 3129 841 3194 similes
869 3133 902 3194 et
930 3130 992 3195 duo
1015 3130 1098 3214 pris-

85 3239 177 3302 maia
204 3236 352 3322 aequalia
380 3234 547 3318 diuiditur,
578 3235 640 3299 erit
666 3239 703 3301 ul
729 3236 817 3300 basis
846 3236 980 3300 alterius
1004 3257 1099 3321 pyra-

85 3447 398 3572 ξοῂμείζοίνὸἶὲνζΒιοιι-
418 3461 452 3500 ex
470 3446 488 3516 β
504 3445 539 3500 V.
644 3451 688 3501 23.
708 3441 772 3517 ἐάν]
793 3465 841 3501 -αν
860 3447 960 3516 postea
978 3447 1041 3503 add.
1061 3465 1098 3503 m.
