2468 3952
159 195 224 259 376
556 198 738 251 APPENDIX
756 197 777 246 L

222 336 372 404 Ἐπεὶ
334 363 399 423 γαρ
422 363 449 423 η
468 345 502 404 Δ
509 335 583 404 Β
561 362 667 422 ακρον
689 335 745 402 καὶ
768 335 871 460 μέσον
894 334 999 419 λόγον
1022 337 1171 422 τέτμηται

158 441 241 511 κατὰ
268 442 306 510 τὸ
330 453 378 529 A,
405 441 521 511 καὶτὸ
546 449 657 529 μεῖζον
679 440 790 528 τμῆμά
810 419 905 508 ἐστιν
919 437 949 527 ἡ
972 448 1058 528 AB,
1087 446 1172 509 ἔστιν

159 576 226 635 αρα
249 547 295 630 ὡς
316 546 338 636 ἡ
362 556 430 617 ΔΒ
452 573 537 637 τρος
558 548 621 634 τὴν
644 555 722 634 BA,
750 546 856 627 οὕτως
878 545 900 634 ἡ
923 554 985 615 BA
1007 547 1096 635 πρὸς
1117 544 1172 632 τὴν

160 664 235 722 ΑΔ.
277 663 332 741 ἴση
357 653 434 723 δὲ
418 683 438 741 η
458 663 525 722 ΑΔ
546 682 586 743 τη
572 659 682 722 ἈΓ
707 659 798 721 ἔστιν
817 681 882 739 αμα
901 651 985 740 ὡςὴ
1006 661 1076 721 ΔΒ
1092 651 1172 740 πρὸς

125 761 222 847 οτὴν
250 769 326 846 BA,
354 760 461 841 οὕτως
488 758 509 847 ἡ
533 768 599 828 BA
625 760 708 846 πρὸς
736 759 798 846 τὴν
821 766 899 828 ΑΓ·
927 759 1172 848 ἀναστρέψαντι

160 866 226 954 ἄρα
249 865 294 948 ὡς
316 865 336 953 ἡ
360 874 424 934 ΒΔ
446 866 530 954 πρὸς
551 866 617 953 τὴν
636 874 718 951 ΔΑ,
746 866 853 945 οὕτως
875 863 896 952 ἡ
918 873 984 933 ΑΒ
1008 863 1094 952 πρὸς
1115 864 1173 950 τὴν

161 979 235 1041 ΒΓ·
264 972 410 1041 διελόντι
437 971 503 1058 ἄρα
527 969 571 1052 ὥς
592 969 614 1058 ἡ
637 978 699 1038 ΒΑ
726 971 810 1058 πρὸς
832 969 895 1057 τὴν
917 980 999 1057 ΑΔ,
1027 969 1134 1050 οὕτως
1155 965 1174 1052 τ’,

161 1084 232 1147 ΑΓ
248 1077 332 1164 πρὸς
353 1078 416 1163 τὴν
439 1084 510 1145 ΓΒ.
556 1086 610 1163 ἴση
636 1076 673 1144 δὲ
696 1075 717 1164 ἡ
740 1085 811 1144 ΑΔ
833 1082 873 1166 τῇ
896 1084 973 1145 ΑΓ·
996 1081 1090 1143 ἔστιν
1113 1074 1174 1159 ἄρα

162 1183 206 1264 ὡς
229 1182 249 1271 ἡ
273 1192 335 1252 BA
357 1183 442 1270 πρὸς
467 1183 529 1269 τὴν
552 1190 621 1252 ΛΓ
646 1181 752 1262 οὕτως
779 1181 800 1270 ἡ
823 1190 894 1251 ΑΓ
915 1183 999 1269 πρὸς
1020 1180 1085 1267 τὴν
1108 1189 1173 1250 ΓΒ.

110 1309 143 1360 10
163 1295 231 1358 ἔστι
255 1293 305 1358 δέ·
333 1288 443 1377 ἡγὰρ
466 1297 532 1357 ΑΒ
555 1287 661 1376 ἄκρον
684 1290 739 1357 καὶ
768 1292 872 1377 μέσον
894 1289 998 1374 λόγον
1022 1289 1174 1374 τέτμηται

161 1396 243 1463 κατὰ
267 1397 305 1464 τὸ
330 1403 366 1464 Γ.

535 1499 582 1569 Ἡ
599 1501 799 1580 σύνθεσις.

226 1622 315 1692 Ἐπεὶ
339 1622 360 1711 ἡ
380 1633 445 1693 AB
468 1624 574 1710 ἄκρον
596 1625 652 1691 καὶ
675 1626 778 1711 μέσον
801 1623 904 1708 λέγον
922 1625 1078 1710 τέτμηται
1096 1621 1175 1691 κατὰ

161 1729 199 1800 τὸ
228 1736 266 1813 Γ,
294 1735 385 1798 ἔστιν
412 1730 478 1817 ἄρα
506 1729 550 1811 ὡς
578 1729 599 1818 ἡ
623 1738 693 1798 BA
719 1729 804 1815 πρὸς
830 1728 893 1816 τὴν
916 1734 989 1813 ΑΓ,
1023 1727 1132 1810 οὕτως
1157 1725 1175 1814 ἡ

113 1856 144 1907 15
163 1842 234 1904 ΑΓ
252 1835 336 1921 πρὸς
357 1836 419 1922 τὴν
442 1844 513 1905 ΓΒ.
559 1845 614 1922 ἴση
639 1834 715 1922 δέη
738 1842 808 1904 ΑΓ
825 1839 865 1923 τῇ
889 1845 973 1903 ΑΔ·
996 1841 1090 1903 ἔστιν
1113 1834 1176 1919 ἄρα

164 1939 210 2021 ὡς
231 1941 251 2028 ἡ
277 1948 338 2008 BA
360 1941 444 2030 πρὸς
467 1941 528 2029 τὴν
551 1951 634 2027 ΑΛ,
659 1942 766 2021 οὕτως
787 1939 809 2028 ἡ
828 1948 898 2009 ΑΓ
915 1939 998 2027 πρὸς
1020 1940 1085 2027 τὴν
1105 1948 1176 2009 ΓΒ·

164 2049 325 2115 συνθέντι
348 2046 393 2128 ὡς
415 2046 436 2134 ἡ
461 2056 522 2116 ΒΔ
544 2048 628 2135 πρὸς
650 2046 712 2134 τὴν
731 2056 812 2133 ΔΑ,
837 2045 943 2126 οὕτως
966 2045 1072 2133 ἡΑΒ
1097 2047 1179 2134 πρὸς

163 2152 225 2240 τὴν
239 2158 313 2220 ΒΓ·
337 2153 582 2241 ἀναστρέψαντι
605 2151 650 2233 ὡς
668 2150 689 2239 ἡ
705 2161 771 2221 ΔΒ
790 2152 874 2241 πρὸς
891 2153 952 2239 τὴν
966 2160 1049 2238 BA,
1074 2151 1179 2232 οὕτως

164 2256 184 2345 ἡ
204 2266 265 2326 BA
288 2257 372 2344 πρὸς
393 2259 455 2345 τὴν
474 2265 548 2328 ΑΓ.
581 2267 637 2344 ἴση
661 2258 699 2326 δὲ
718 2256 738 2344 ἡ
757 2263 880 2346 Asty}
899 2265 978 2325 ΑΔ·
1002 2263 1095 2326 ἔστιν
1114 2257 1178 2345 ἄρα

110 2385 145 2433 20
165 2363 210 2443 ὡς
236 2361 256 2450 ἡ
281 2371 348 2431 ΔΒ
376 2362 459 2448 πρὸς
481 2372 558 2451 BA,
587 2361 693 2445 οὕτως
720 2362 741 2450 ἡ
764 2371 826 2432 BA
848 2363 933 2449 πρὸς
954 2372 1035 2432 ΑΔ.
1069 2361 1091 2450 ἡ
1116 2362 1178 2452 ἄρα

166 2477 232 2536 ΔΒ
255 2467 361 2555 ἄκρον
382 2470 439 2536 καὶ
462 2471 565 2557 μέσον
588 2470 691 2556 λόγον
714 2472 869 2557 τέτμηται
891 2471 974 2538 κατὰ
995 2468 1034 2538 τὸ
1054 2480 1102 2558 A,
1125 2470 1179 2538 καὶ

164 2572 201 2642 τὸ
226 2579 338 2660 μεῖζον
361 2573 470 2660 τμῆμά
494 2577 584 2643 ἐστιν
608 2573 628 2661 ἡ
653 2582 731 2642 AB·
777 2571 858 2661 ὅπερ
881 2577 948 2642 ἔδει
972 2576 1088 2656 δεῖξαι.

437 2876 493 2941 Ad
516 2877 606 2942 libr.
629 2771 710 2942 XVI
733 2899 837 2961 prop.
864 2879 913 2943 17.

228 2994 325 3083 Ῥητὴ
348 2995 413 3086 γὰρ
437 2994 457 3083 ἡ
477 3004 542 3064 AB
561 2995 667 3086 ἄκρον
684 2999 741 3065 καὶ
760 2999 863 3085 μέσον
882 2998 986 3084 λόγον
1004 2993 1179 3087 τετμήσθω

165 3102 248 3171 κατὰ
271 3101 308 3170 τὸ
333 3108 371 3188 Γ,
398 3104 454 3169 καὶ
478 3109 560 3170 ἔστω
588 3109 700 3189 μεῖζον
723 3102 761 3171 τὸ
786 3108 859 3171 ΑΓ.
904 3110 1121 3191 τροσιιεισθω
1145 3103 1181 3172 δὲ

237 3252 261 3302 9.
278 3245 322 3299 Ad
336 3245 505 3300 uocabulum
518 3241 648 3326 αὐβοαρ.
664 3251 724 3314 326,
741 3251 773 3299 19
789 3245 869 3316 signo
881 3230 923 3314 67
936 3246 1085 3302 rolatum
1076 3265 1107 3301 1n
1126 3265 1181 3318 mg.

166 3317 215 3370 in.f
235 3315 300 3370 hab.
320 3318 396 3371 Pm.
419 3317 514 3384 l(pro
534 3315 659 3382 scholio).

241 3435 297 3494 1.έ
364 3445 442 3494 -2,
462 3439 605 3509 AB]mg.
627 3440 658 3493 V.
742 3448 765 3494 1.
785 3431 976 3512 yaq]ova
1064 3448 1089 3494 2.
1109 3461 1182 3496 κατα

166 3507 326 3581 mom.
336 3441 379 3563 V.
467 3515 492 3564 6
511 3510 665 3580 BA]corr
685 3516 838 3566 exBAm.
858 3512 911 3566 2Β.
993 3515 1018 3566 8
1038 3513 1139 3581 ἴση
