2468 3952
582 1081 648 1156 λς’.

170 1204 247 1275 Ἐάν
271 1220 359 1296 τρεῖς
382 1205 512 1275 εὐθεῖαι
532 1205 702 1294 άνάλογον
727 1200 799 1295 οὐσι,
822 1205 860 1275 τὸ
883 1207 1121 1296 περιεχόμενον

105 1311 171 1382 ὐπὸ
194 1324 262 1381 τῶν
285 1317 388 1402 τριῶν
412 1311 547 1396 στερεὸν
572 1321 647 1382 ίσον
672 1319 763 1382 ἔσται
786 1317 831 1406 τῷ
856 1312 921 1382 άπὸ
946 1317 1003 1400 τῆς
1022 1315 1123 1402 μέσης

106 1424 226 1512 στερεῷ
251 1422 437 1512 ἰσοπλεύρῳ
461 1421 533 1507 μέν,
562 1424 729 1513 ἰσογωνίῳ
754 1420 791 1488 δὲ
814 1424 860 1512 τῷ
883 1423 1122 1513 προειρημένῳ·

174 1531 322 1594 έστωσοιν
349 1540 437 1613 τρεῖς
465 1523 594 1594 εὐθεῖοιι
617 1522 787 1612 άνάλογον
811 1529 848 1592 αι’
864 1537 910 1611 Α,
938 1535 982 1612 Β,
1010 1533 1048 1613 Γ,
1078 1525 1123 1606 ὡς

106 1631 126 1718 ἡ
152 1642 184 1698 Α
206 1631 290 1721 πρὸς
312 1631 373 1720 τὴν
392 1641 436 1718 Β,
461 1631 567 1713 οὕτως
590 1629 610 1720 ἡ
630 1641 659 1701 Β
681 1632 765 1723 πρὸς
782 1629 849 1719 ’τὴν
868 1640 903 1702 Γ.
941 1634 1042 1719 λέγω,
1067 1631 1117 1701 ὅτι

105 1739 143 1806 τὸ
168 1736 233 1806 ὑπὸ
257 1743 325 1807 τῶν
344 1747 391 1825 A,
415 1746 459 1825 Β,
484 1746 516 1807 Γ
534 1739 770 1828 περιεχόμενον
794 1739 930 1827 στερεὸν
954 1747 1030 1808 ίσον
1054 1739 1121 1807 έστὶ

105 1849 150 1936 τῳ
184 1843 248 1913 άπὸ
282 1850 341 1932 τῆς
368 1853 397 1913 Β
430 1849 550 1937 στερεῷ
586 1850 772 1938 ἰσοπλεύρῳ
800 1874 835 1915 τε
861 1848 917 1914 καὶ
946 1849 1137 1936 ἰσογωνίῳ·

106 1957 231 2020 κείσθω
255 1956 295 2041 τῇ
319 1960 351 2019 A
374 1960 429 2040 ίση
454 1951 575 2039 ἡΑΕ,
599 1952 654 2019 καὶ
678 1953 868 2022 συνεστάτω
891 1953 975 2041 πρὸς
997 1979 1036 2041 τη
1056 1960 1121 2020 ΕΔ

106 2058 226 2149 εὐθείᾳ
253 2059 308 2125 καὶ
336 2062 381 2150 τῷ
411 2063 535 2149 σημείῳ
563 2063 608 2151 τῳ
635 2067 667 2126 Δ
694 2059 841 2148 τυχούσῃ
870 2069 986 2149 στερεᾷ
1015 2064 1120 2149 γωνίᾳ

106 2165 334 2257 εὐθυγράμμῳ
363 2173 418 2252 ίση
448 2165 563 2251 στερεά
579 2171 699 2252 ’γωνία
727 2164 964 2253 εὐθύγραμμος
987 2164 1007 2252 ἡ
1032 2189 1122 2253 περι-

106 2274 245 2360 εχομένη
274 2270 340 2340 ὑπὸ
368 2276 435 2339 τῶν
465 2279 546 2358 ZA,
576 2279 662 2358 AH,
695 2278 783 2359 HA,
814 2281 898 2357 AE,
931 2280 1013 2359 ZA,
1042 2281 1121 2360 ΛΘ,

107 2378 162 2447 καὶ
185 2383 310 2446 κείσθω
334 2381 373 2467 τῇ
397 2378 458 2464 μὲν
482 2386 511 2446 Β
535 2387 590 2465 ίση
614 2376 742 2465 ἡΗΔ,
765 2389 805 2468 τῇ
826 2379 863 2448 δὲ
882 2385 982 2468 Γίση
1001 2377 1022 2468 ἡ
1042 2387 1119 2464 ΘΔ,

105 2488 161 2554 καὶ
186 2485 485 2573 συμπεπληρώσθω
513 2485 550 2553 τὸ
576 2493 649 2554 AK
675 2484 827 2573 στερεόν,
854 2487 910 2554 κοιλ
933 2492 1058 2555 κείσθω
1082 2491 1121 2574 τῇ

107 2601 134 2660 Β
159 2600 213 2680 ίση
238 2592 258 2680 ἡ
279 2599 369 2677 AM,
393 2592 448 2658 καὶ
468 2591 657 2662 συνεστάτω
676 2590 760 2680 πρὸς
777 2602 816 2679 τῇ
836 2599 912 2659 ΜΛ
931 2588 1048 2683 εὐθείᾳ
1066 2592 1122 2659 καὶ

106 2704 150 2793 τῷ
179 2699 262 2788 πρὸς
286 2697 368 2787 αὐτῇ
398 2706 521 2790 σημείῳ
550 2711 595 2792 τῷ
620 2706 651 2766 A
678 2710 717 2789 τῇ
747 2701 863 2789 στερεᾷ
890 2703 997 2788 γωνίᾳ
1020 2699 1123 2766 εὐθυ-
1220 2777 1223 2782 ¹

105 2806 246 2897 γράμμῳ
265 2817 305 2895 τῇ
325 2807 540 2894 περιεχομένη
559 2805 625 2875 ὑπὸ
644 2810 713 2874 των
728 2812 810 2891 ΘΔ,
831 2812 914 2891 ΛΕ,
934 2812 1014 2891 ΕΛ,
1034 2811 1121 2889 ΔΗ,

106 2919 194 2999 HA,
225 2921 290 2980 ΔΘ
319 2921 373 2998 ίση
398 2911 513 3000 στερεά
540 2918 647 2997 γωνία
675 2909 912 3000 εὐθύγραμμος
934 2908 954 2997 ἡ
979 2934 1123 2998 περιεχο·

106 3019 188 3105 μένη
213 3016 277 3087 ὑπὸ
301 3023 370 3086 τῶν
389 3026 474 3103 ΜΛ,
499 3025 584 3101 AN,
609 3025 694 3105 NA,
718 3021 797 3103 ΛΞ,
819 3021 898 3102 ΞΛ,
923 3020 1013 3102 AM,
1039 3014 1122 3084 ὥστε

177 3215 231 3268 Hie
255 3213 394 3282 appendix
418 3211 586 3282 scripturam
610 3213 669 3268 cod.
688 3214 707 3267 b
729 3213 795 3268 inde
819 3230 837 3268 a
855 3213 905 3280 XI,
925 3218 959 3268 36
983 3213 1121 3267 adfinem

105 3285 172 3339 libri
189 3284 241 3338 XII
261 3283 387 3339 eontinet
404 3283 484 3338 nulla
501 3284 598 3339 IiItere
614 3285 733 3339 mutata.
767 3301 937 3353 quemqnam
956 3283 1015 3338 sine
1035 3283 1120 3338 dubio

106 3356 221 3424 plurimi
243 3356 339 3409 insunt
361 3356 431 3410 meri
455 3371 562 3411 errores
582 3355 742 3423 scribendi,
753 3356 849 3411 Iemen
872 3355 996 3410 dnbiInni
1014 3354 1120 3424 nequit,

106 3425 173 3494 quin
198 3427 257 3480 cod.
282 3425 300 3478 b
324 3426 404 3495 qnasi
430 3426 618 3483 recensionem
647 3426 787 3495 quandam
810 3424 952 3496 propriam
975 3426 1121 3496 praebeat..

108 3497 155 3550 cfr.
171 3497 304 3552 Zeiteehr.
323 3497 342 3552 f.
357 3497 445 3555 Math.
465 3515 492 3554 u.
507 3498 596 3569 Phys,
615 3497 750 3552 hire-lire.
765 3496 849 3553 Abth.
865 3497 957 3552 XXIX
971 3516 998 3567 p.
1014 3503 1118 3552 1-22.

159 3596 310 3650 Euclides,
325 3597 375 3638 edd.
389 3597 492 3649 Heiberg
505 3601 528 3640 et
542 3599 630 3650 Menae.
652 3598 692 3641 IV.
925 3591 959 3640 25

1140 1111 1175 1159 ³6
