2468 3952
128 187 194 252 390
514 188 696 240 APPENDIX
713 188 748 238 Π.

127 327 165 397 τὸ
197 328 545 417 παραλληλόγραμμον
581 333 643 396 τοῦ
675 326 857 416 τριγώνου,
893 335 950 394 ίσα
983 329 1076 392 ἔσται
1104 322 1143 391 τὰ

128 441 305 521 πρίσματα.

176 538 285 608 Ἔστω
297 541 359 609 δύο
369 546 537 628 πρίσματα
547 545 672 627 ἰσουψῆ·
681 540 722 608 τὰ
729 545 1145 625 ΑΒΓΔΕΖ,ΗΘΚΛΜΝ,

127 651 182 717 καὶ
200 647 238 716 τὸ
259 647 320 734 μὲν
340 648 437 734 ἐχέτω
455 653 621 736 τρίγωνον
640 634 742 733 δύσιν
760 645 798 714 τὸ
813 653 848 714 Κ
853 653 884 713 Λ
889 653 938 731 Ν,
957 644 996 713 τὸ
1012 644 1052 712 δὲ
1066 668 1146 731 παρ-

129 754 409 841 αλληλόγραμμον
437 757 475 821 τὸ
499 759 648 838 ΒΓΔΕ,
676 754 731 821 καὶ
760 758 843 821 ἔστω
866 752 903 820 τὸ
929 756 1067 820 ΒΓΔΕ
1086 755 1145 818 τοῦ

129 868 167 928 Ν
172 867 236 928 ΚΛ
268 859 436 946 τριγώνου
469 860 655 928 διπλάσιον.
704 859 806 944 λέγω,
839 856 891 926 ὅτι
922 867 979 925 ἴσα
1007 858 1079 926 ἐστὶ
1105 857 1144 926 τίι

129 973 305 1055 πρίσματα.
354 965 586 1055 πεπληρώσδω
619 964 684 1052 γὰρ
715 964 756 1032 τὰ
783 963 980 1052 παράλληλα
1008 965 1145 1032 ἐπίπεδα

129 1071 169 1141 τὰ
201 1082 282 1158 ΑΔ,
314 1078 395 1140 HA.
444 1073 514 1140 ἐπεὶ
542 1066 605 1140 οὖν
637 1071 675 1140 τὸ
703 1079 767 1139 ΒΔ
796 1069 1146 1158 παραλληλόγραμμον

130 1184 190 1248 τού
204 1187 243 1246 Ν
244 1186 278 1246 Κ
283 1186 314 1246 Λ
337 1177 506 1265 τριγώνου
524 1179 592 1246 ἐστὶ
613 1177 803 1263 διπλάσιον,
826 1182 895 1245 ἔστι
910 1177 948 1246 δὲ
961 1181 1023 1245 τού
1039 1185 1078 1246 Ν
1080 1185 1146 1247 ΚΛ

129 1284 297 1373 τριγώνου
321 1283 500 1353 διπλάσιον
523 1283 560 1353 τὸ
584 1292 624 1352 Ν
625 1292 656 1352 Λ
679 1285 1044 1373 παραλληλόγραμμον,
1071 1292 1144 1353 ίσον

130 1391 196 1479 ἄρα
220 1393 288 1460 ἐστὶ
313 1391 350 1459 τὸ
371 1399 439 1459 ΒΔ
461 1395 506 1483 τῷ
526 1397 566 1459 Ν
568 1398 607 1458 Λ.
649 1391 703 1459 ἐπὶ
727 1398 810 1458 ίσων
835 1383 897 1459 οὖν
920 1391 1058 1475 βάσεων
1079 1394 1145 1459 τών

131 1506 215 1585 ΒΔ,
252 1506 291 1566 Ν
293 1506 324 1566 A
356 1503 481 1585 ἰσουψῆ
514 1501 583 1567 ἐστι
615 1495 730 1585 στερεὰ
762 1502 1078 1584 παραλληλεπίπεδα
1109 1495 1146 1564 τὰ

131 1613 216 1690 ΑΔ,
244 1612 323 1675 ΗΛ.
373 1614 430 1674 ἶσα
458 1606 549 1674 ἐστὶν
577 1602 742 1691 ἀλλήλοις.
792 1600 875 1671 ἀλλὰ
902 1606 965 1671 τοῦ
992 1603 1055 1690 μὲν
1084 1612 1148 1671 ΑΔ

131 1708 234 1797 ἥμισύ
258 1713 327 1779 ἐστι
349 1710 387 1779 τὸ
412 1716 612 1779 ΑΒΓΔΕΖ
635 1715 776 1796 πρίσμα,
803 1714 864 1778 τοῦ
889 1709 927 1777 δὲ
948 1716 1022 1777 ΗΛ
1045 1711 1148 1797 ἥμισυ

130 1816 168 1884 τὸ
192 1823 386 1885 ΗΘΚΛΜ
404 1821 538 1904 πρίσμα.
574 1817 630 1884 καὶ
652 1815 689 1883 τὸ
706 1821 908 1883 ΑΒΓΔΕΖ
932 1813 999 1901 ἄρα
1021 1821 1149 1903 πρίσμα

131 1927 176 2015 τῷ
201 1930 432 1992 ΗΘΚΛΜΝ
451 1928 608 2010 πρίσματι
629 1930 705 1992 ίσον
720 1925 824 1991 ἐστίν·
847 1925 927 2008 ὅπερ
951 1926 1019 1989 ἔδει
1034 1925 1148 2005 δείξαι.

334 2026 522 2099 Εὐκλείδου
540 2035 714 2117 στοιχείων
738 2039 882 2117 στερεῶν
905 2035 950 2097 ῑᾶ.

80 2250 132 2305 XII
241 2247 243 2252 ’
377 2221 600 2293 Εὐκλείδου
623 2211 905 2312 στοιχείωυῗβ.

98 2381 112 2430 1
203 2347 251 2415 Τὰ
275 2351 312 2416 ἐν
334 2363 405 2428 τοῖς
427 2350 562 2430 κύκλοις
585 2347 684 2436 ὅμοια
712 2349 892 2435 πολύγωνα
914 2348 1000 2437 πρὸς
1022 2347 1151 2436 ἄλληλά

133 2456 223 2522 ἐστιν
248 2451 292 2533 ὡς
315 2452 354 2520 τὰ
380 2452 445 2522 ἀπὸ
470 2461 539 2525 τών
563 2456 749 2542 διαμέτρων
771 2454 971 2544 τετράγωνα.

200 2564 349 2627 ἔστωσαν
372 2559 488 2629 κύκλοι
517 2564 553 2629 οί
574 2567 723 2645 ΑΒΓΔ,
751 2568 908 2648 ΗΘΚΛ,
936 2561 992 2628 καὶ
1020 2562 1057 2629 ἐν
1081 2575 1151 2642 τοῖς

132 2674 280 2755 ΑΒΓΔ,
308 2674 445 2735 ΗΘΚΛ
469 2667 568 2756 ὅμοια
591 2668 772 2755 πολύγωνα
795 2673 877 2736 ἔστω
900 2666 940 2735 τὰ
965 2674 1150 2753 ΑΒΓΔΕ,

132 2780 334 2860 ΗΘΚΛΜ,
358 2773 532 2861 διάμετροι
556 2775 593 2842 δὲ
611 2779 679 2844 τών
698 2774 831 2844 κύκλων
851 2780 1001 2842 ἔστωσαν
1020 2777 1058 2841 αί
1075 2782 1151 2859 ΒΖ,

133 2888 208 2951 ΘΝ.
255 2883 356 2968 λέγω,
380 2880 431 2949 ὅτι
455 2883 549 2952 ἐστὶν
572 2879 617 2962 ώς
639 2879 676 2949 τὸ
696 2879 762 2950 ἀπὸ
781 2885 839 2968 τῆς
859 2887 920 2949 ΒΖ
938 2880 1151 2969 τετράγωνον

134 2986 216 3072 πρὸς
239 2986 275 3056 τὸ
300 2984 367 3056 ἀπὸ
390 2993 449 3076 τῆς
472 2995 544 3057 ΘΝ
562 2986 782 3076 τετράγωνον,
807 2987 913 3067 οὕτως
935 2984 973 3053 τὸ
996 2993 1155 3055 ΑΒΓΔΕ

134 3093 334 3181 πολύγωνον
353 3095 437 3182 πρὸς
454 3095 492 3163 τὸ
508 3101 700 3162 ΗΘΚΛΜ
708 3091 917 3180 πολύγωνον.
950 3091 1152 3180 ἐπεζεύχθω-

135 3219 199 3267 σαν
222 3200 287 3290 γὰρ
312 3203 349 3270 αί
370 3209 448 3288 ΒΕ,
472 3209 553 3288 ΛΖ,
577 3208 666 3287 ΘΜ,
689 3206 771 3268 ΗΝ.
817 3199 874 3267 καὶ
898 3201 971 3268 ἐπεί
991 3201 1083 3266 ἐστιν
1107 3197 1152 3279 ώς

134 3305 154 3393 ἡ
185 3315 246 3375 ΒΑ
275 3306 358 3396 πρὸς
384 3316 466 3393 ΛΕ,
497 3308 603 3388 οὕτως
629 3305 651 3393 ἡ
679 3313 752 3374 ΘΗ
774 3304 857 3393 πρὸς
883 3302 947 3392 τὴν
973 3312 1069 3391 ΗΜ,
1097 3306 1153 3373 καὶ

134 3414 209 3501 περὶ
229 3421 302 3493 ίσας
320 3418 444 3500 γωνίας
462 3414 520 3493 τὰς
535 3411 600 3483 ὑπὸ
615 3423 682 3482 τών
696 3421 725 3481 Β
731 3420 763 3479 Λ
768 3419 812 3499 Ε,
831 3418 945 3480 ΘΗΜ
962 3414 1000 3478 αί
1012 3413 1152 3498 πλευραί

134 3517 305 3606 ἀνάλογόν
333 3525 430 3606 εἰσιν,
459 3518 579 3606 ὅμοιον
607 3519 673 3608 ἄρα
702 3519 770 3589 ἐστὶ
798 3517 836 3586 τὸ
860 3525 964 3585 ΑΒΕ
984 3523 1154 3604 τρίγωνον
