2468 3952
133 218 198 283 316
502 221 704 274 monum
723 217 772 291 η’.

546 395 739 486 Πόρισμα.

198 517 252 587 Ἐκ
280 519 321 607 δὴ
350 519 473 588 τούτου
501 518 681 619 φανερόν,
695 519 746 588 ὅτι
773 519 794 608 ἡ
823 531 882 609 τῆς
910 527 1061 608 σφαίρας
1085 523 1150 592 διά-

133 652 251 713 μετρος
274 625 416 714 δυνάμει
439 631 694 695 πενταπλασίων
714 627 784 695 ἐστὶ
804 639 863 715 τῆς
882 630 918 696 ἐκ
934 637 998 696 τοῦ
1012 630 1151 719 κέντρου

131 736 193 802 τοῦ
211 733 349 820 κύκλου,
373 731 433 820 ἀφ’
460 725 502 801 οὗ
520 732 558 802 τὸ
579 735 796 821 εἰκοσάεδρον
815 731 1079 823 ἀναγέγραπται,
1100 737 1149 804 καὶ

97 861 113 912 ε
134 838 185 909 ὅτι
208 837 228 926 ἡ
253 842 311 926 τῆς
334 843 481 926 σφαίρας
504 839 681 928 διάμετρος
705 839 874 926 σύγκειται
898 844 934 908 ἔκ
957 866 994 908 τε
1016 845 1079 929 τῆς
1096 846 1150 912 τοῦ

133 945 303 1032 ἑξαγώνου
334 946 391 1013 καὶ
419 945 482 1013 δύο
510 950 578 1014 τῶν
605 950 667 1014 τοῦ
697 945 891 1034 δεκαγώνου
918 951 988 1015 των
1017 953 1067 1030 είς
1096 948 1150 1018 τὸν

133 1051 240 1121 αὐτὸν
263 1052 389 1120 κύκλον
412 1053 682 1140 ἐγγραφομένων.
730 1051 811 1140 ὅπερ
835 1057 902 1121 ἐδει
926 1055 1045 1136 δεῖξαι.

616 1248 669 1330 ιζ’.

144 1388 149 1395 ·
201 1369 490 1457 Δωδεκάεδρον
509 1371 784 1458 συστήσασθαι
801 1372 866 1440 καὶ
882 1377 1035 1467 σφαίρᾳ
1048 1397 1150 1461 περι·

81 1500 113 1548 10
132 1481 287 1562 λαβεῖν,
319 1468 342 1563 ᾗ
373 1478 437 1544 καὶ
469 1475 514 1544 τὰ
548 1478 820 1564 προειρημένα
853 1477 1051 1566 σχήματα,
1088 1479 1151 1548 καί

132 1584 278 1668 δεῖξαι,
302 1581 362 1650 ὅτι
385 1580 405 1669 ἡ
428 1585 499 1651 τοῦ
522 1585 807 1672 δωδεκαέδρου
830 1582 979 1670 πλευρά
1002 1583 1152 1677 άλογόΙς

132 1688 286 1787 ἐστινὴ
308 1689 535 1775 καλουμένη
560 1687 747 1776 άποτομή.
1107 1691 1111 1697 ’

196 1795 441 1864 Ἔλικείσθωσαν
459 1797 520 1863 τοῦ
538 1796 784 1882 προειρημένου
802 1794 911 1882 κύβον
930 1795 994 1865 δύο
1014 1799 1151 1868 ἐπίπεδα

130 1903 215 1991 πρὸς
238 1901 346 1991 ὀρθάς
367 1898 525 1988 άλληλοις
546 1899 587 1970 τά
610 1907 762 1988 ΑΒΓΔ,
785 1907 933 1989 ΓΒΕΖ,
956 1903 1013 1971 καὶ
1037 1905 1150 1993 τετμή-

80 2032 112 2080 15
131 2019 205 2077 σθω
230 2009 351 2095 ἑκάστη
373 2018 441 2076 τῶν
464 2014 546 2093 ΑΒ,
573 2013 647 2093 ΒΓ,
675 2013 752 2094 ΓΔ,
778 2016 860 2096 ΔΑ,
883 2015 962 2096 ΕΖ,
986 2017 1071 2098 ΕΒ,
1097 2017 1155 2080 ΖΓ

130 2119 285 2203 πλευρῶν
309 2118 385 2201 δίχα
407 2111 490 2183 κατά
513 2111 554 2181 τά
578 2121 629 2200 Η,
657 2121 701 2199 Θ,
728 2121 777 2202 Κ,
806 2122 854 2202 Λ,
878 2121 931 2200 Μ,
955 2122 1007 2202 Ν,
1030 2119 1077 2205 Ξ,
1099 2118 1151 2186 καί

131 2221 383 2309 ἐπεζεύχθωσαν
406 2223 444 2288 αλ
464 2227 553 2307 ΗΚ,
577 2226 652 2306 ΘΛ,
676 2226 765 2307 ΜΘ,
788 2220 871 2307 ΝΞ,
894 2221 951 2289 καὶ
973 2223 1149 2312 τετμήσθω

131 2327 251 2413 ἑκάστη
279 2330 347 2395 τάν
374 2334 413 2394 Ν
416 2333 459 2412 0,
493 2327 569 2413 ΟΞ,
598 2333 666 2394 ΘΠ
693 2324 799 2413 άκρον
825 2326 882 2395 καὶ
910 2328 1014 2415 μέσον
1048 2330 1151 2417 λόγον

130 2433 213 2502 κατά
242 2431 282 2500 τά
311 2440 352 2518 Ρ,
381 2441 428 2518 Σ,
461 2440 492 2501 Τ
514 2445 649 2521 σημεῖα,
680 2433 735 2501 καὶ
763 2438 847 2502 ἐστω
875 2433 990 2503 αὐτῶν
1017 2443 1151 2522 μείζονα

78 2561 112 2610 20
129 2538 283 2628 τμήματα
301 2536 341 2607 τά
360 2546 436 2625 ΡΟ,
457 2546 538 2626 ΟΣ,
564 2546 645 2625 ΤΠ,
668 2540 724 2607 καὶ
743 2539 979 2609 άνεστάτωσαν
998 2540 1067 2612 άπὸ
1086 2548 1150 2613 τάν

130 2655 168 2733 Ρ,
187 2655 235 2732 Σ,
257 2653 288 2714 Τ
302 2651 448 2735 σημείων
466 2657 537 2725 τοῖς
554 2649 615 2714 τοῦ
633 2646 741 2732 κύβου
760 2647 929 2726 ἐπιπέδοις
941 2646 1028 2736 πρὸς
1042 2645 1150 2739 ὀρθάς

131 2755 184 2822 ἐπὶ
205 2753 246 2821 τά
270 2753 363 2834 ἐκτὸς
386 2754 468 2843 μέρη
492 2756 554 2821 τοῦ
577 2751 685 2839 κύβου
708 2755 745 2820 αί
766 2759 844 2840 ΡΤ,
872 2760 959 2839 ΣΦ,
991 2761 1070 2843 ΤΧ,
1098 2755 1150 2825 καὶ

130 2866 322 2929 κείσθωσαν
341 2868 413 2928 ἴσαι
430 2869 502 2940 ταῖς
521 2864 597 2945 ΡΟ,
613 2864 698 2945 ΟΣ,
721 2866 803 2946 ΤΠ,
821 2860 878 2926 καὶ
897 2859 1150 2948 ἐπεζεύχθωσαν

131 2970 169 3034 αί
193 2974 268 3052 ΡΒ,
292 2973 370 3052 ΒΧ,
395 2972 469 3052 ΧΓ,
492 2971 574 3050 ΓΦ,
601 2971 675 3032 ΦΡ.
716 2965 817 3052 λέγω,
842 2963 894 3034 ὅτι
918 2964 956 3035 τὸ
982 2974 1151 3038 ΥΒΧΓΦ

78 3093 112 3142 25
131 3072 346 3159 πεντάγωνον
371 3070 572 3160 ἰσόπλευρόν
594 3094 629 3138 τε
651 3069 707 3138 καὶ
731 3073 768 3139 ἐν
792 3072 844 3139 ἑνὶ
863 3073 1008 3164 ἐπιπέδῳ
1028 3077 1088 3143 καὶ
1106 3081 1151 3145 ἐτι

203 3347 227 3394 6.
251 3341 305 3394 τῶν
329 3335 382 3394 δύο
401 3339 435 3394 V.
544 3343 568 3392 ⁷.
593 3331 662 3406 ὅπερ
687 3333 749 3391 ἔδει
772 3337 877 3410 δεῖξαι]
906 3353 960 3394 om.
979 3267 1068 3395 w}
1089 3270 1152 3332 BV.

132 3416 156 3465 8.
186 3408 236 3482 ιζ’]
265 3428 319 3466 om.
348 3429 375 3479 q.
484 3415 509 3464 9.
533 3404 744 3476 συνστήσασθαι
767 3406 801 3477 Ρ,
830 3425 900 3464 corr.
925 3427 961 3465 m.
984 3426 1041 3464 rec.

133 3487 174 3536 10.
194 3479 398 3568 προειρημένα]
417 3475 556 3550 πρότερον
576 3498 606 3548 q;
625 3497 682 3548 mg.
697 3496 733 3533 m.
750 3483 777 3533 1:
796 3499 839 3548 γρ.
854 3476 889 3534 τά
907 3477 1048 3551 πρότερον
1067 3482 1099 3538 b.

132 3559 173 3607 13.
193 3552 295 3624 κυβον]
315 3548 419 3606 κύκλου
438 3569 529 3622 comp.
548 3550 575 3606 b.
649 3555 690 3605 16.
710 3550 739 3610 Ξ
755 3556 857 3621 σημεῖα
875 3552 909 3607 V.
984 3558 1027 3609 1'1.
1047 3552 1149 3627 τετμή-

204 3274 227 3324 1.
246 3264 382 3339 πόρισμα]
402 3284 456 3324 om.
474 3268 526 3336 bq.
617 3272 641 3320 3.
665 3261 742 3321 ἐστίν
760 3267 791 3320 Β.
883 3271 908 3322 ὅ.
928 3272 978 3321 τοῦ
