2468 3952
168 157 234 222 394
555 158 736 209 mmm
754 159 788 211 11.

165 297 407 385 τετμήσθωσαν
440 301 477 366 αἴ
507 298 646 384 πλευραὶ
681 308 740 384 τῆς
772 302 960 384 πυραμίδος
991 303 1070 385 δίχα
1103 297 1181 366 κατὰ

166 403 206 472 τά
230 414 274 491 E,
299 413 341 490 Z,
364 411 414 488 H,
438 412 481 489 Θ,
509 411 557 489 Κ,
581 411 612 471 Λ
636 417 767 491 σημεῖα,
790 404 845 471 καὶ
870 404 1125 492 ἐπεζεύχθωσαν
1148 408 1182 472 αἱ

166 519 241 597 ΕΖ,
267 518 347 597 ΖΗ,
377 519 461 597 ωτι,
487 518 574 594 ΗΛ,
600 518 676 595 το,
704 517 784 596 οτι,
807 516 892 596 ΚΛ,
915 518 988 578 Λο.
1035 514 1094 579 καὶ
1118 513 1181 580 ιω

167 627 221 705 ἴση
247 618 337 686 ἐστὶν
360 615 380 704 ἡ
405 616 468 704 μὲν
490 625 554 686 ΑΖ
577 621 617 706 τῇ
638 626 723 701 ΖΑ,
746 614 767 703 ἡ
794 616 831 684 δὲ
850 623 913 685 ΒΘ
935 621 975 706 τῇ
997 624 1083 704 ΘΑ,
1106 602 1183 701 παρ·

165 724 307 810 άλληίος
340 721 406 810 άρα
439 723 530 790 ἐστὶν
562 720 583 808 ἡ
612 730 678 790 ΑΒ
709 727 749 810 τῇ
779 730 848 791 ΖΘ.
900 721 1002 790 πάλιν
1030 725 1102 792 ἐπεὶ
1130 733 1181 811 ἴση

166 831 257 899 ἐστὶν
285 828 304 916 ἡ
334 828 396 915 μὲν
419 837 489 896 ΑΕ
513 833 553 916 vy}
579 835 656 913 ΕΒ,
684 826 704 914 ἡ
730 828 767 896 δὲ
790 836 856 895 AZ
883 834 922 917 τῇ
948 837 1031 916 ΖΑ,
1061 829 1182 919 παράλ-

165 945 265 1023 ληλος
293 934 358 1024 άρα
387 935 477 1003 ἐστίν
505 932 526 1020 ἡ
550 941 618 1001 ΒΑ
645 937 684 1022 τῇ
714 942 784 1002 ΕΖ.
834 933 1182 1021 παραλληλόγραμμον

165 1042 231 1129 άρα
260 1043 328 1111 ἐστὶ
356 1040 393 1110 τὸ
423 1047 561 1109 ΒΒΖΘ.
612 1049 668 1127 ἴση
699 1038 766 1128 ἄρα
794 1040 885 1107 ἐστὶν
913 1040 933 1126 y}
962 1040 1025 1127 μὲν
1055 1049 1119 1110 ΕΒ
1145 1051 1181 1130 τῇ

166 1156 240 1231 ΖΘ,
264 1149 284 1234 ἡ
311 1149 348 1216 δὲ
372 1156 434 1216 ΕΖ
457 1152 496 1236 vy}
520 1155 591 1216 ΒΘ.
628 1145 702 1215 ἀλλ’
728 1144 749 1234 ἡ
774 1147 836 1233 μὲν
854 1154 921 1215 ΒΕ
942 1151 980 1236 τῇ
1002 1155 1072 1215 ΕΑ
1095 1151 1181 1216 ἐστιν

166 1263 237 1340 ἴση,
266 1252 286 1341 ἡ
316 1254 353 1322 δὲ
377 1262 439 1323 ΒΘ
468 1258 508 1343 τῇ
531 1261 606 1323 ΘΛ.
650 1255 708 1322 καὶ
734 1250 756 1339 ἡ
784 1253 846 1341 μὲν
869 1262 938 1321 ΑΕ
963 1253 1030 1343 άρα
1058 1265 1099 1344 τῇ
1123 1261 1182 1322 ΖΘ

166 1363 255 1429 ἐστιν
284 1369 355 1447 ἴση,
383 1361 404 1448 ἡ
433 1361 470 1429 δὲ
495 1369 557 1428 ΕΖ
583 1365 623 1449 vy}
647 1368 723 1428 ΘΑ.
768 1365 836 1428 ἔστι
865 1360 903 1428 δὲ
930 1361 985 1428 καί
1009 1357 1030 1447 ἡ
1056 1369 1122 1429 ΑΖ
1145 1365 1180 1448 vy}

169 1473 230 1532 ΖΑ
254 1473 318 1552 ἴση.
361 1475 437 1535 ἴσον
467 1467 533 1552 άρα
560 1467 615 1535 καὶ
644 1464 765 1553 ὅμοιόν
788 1467 857 1533 ἐστι
880 1465 918 1534 τὸ
943 1474 1043 1535 ΑΕΖ
1067 1473 1181 1555 τρίγω-

165 1594 228 1639 νον
251 1577 296 1665 τῷ
317 1580 416 1640 ΖΘΑ
439 1573 601 1664 τριγώνῳ.
638 1572 695 1641 διδι
717 1571 759 1641 τά
782 1571 865 1641 αὐτὰ
891 1573 932 1659 δὴ
956 1574 1013 1640 παὶ
1036 1574 1076 1642 τὸ
1097 1581 1182 1642 ΑΖΘ

166 1684 332 1766 τρίγωνον
355 1682 401 1771 τῷ
421 1686 490 1747 ΖΑ
496 1686 531 1746 Κ
547 1678 699 1768 τριγώνῳ
720 1686 796 1746 ἴσον
814 1705 849 1746 τε
867 1679 923 1746 καὶ
943 1680 1064 1766 ὅμοιόν
1085 1683 1181 1750 ἐστιν.

165 1783 202 1852 τὸ
228 1785 266 1852 δὲ
289 1791 397 1852 ΑΕΗ
417 1790 584 1871 τρίγωνον
607 1788 652 1875 τῷ
673 1791 773 1851 ΖΘΚ
794 1784 946 1877 τριγώνῳ
971 1793 1047 1853 ἴσον
1072 1788 1181 1855 τεκαὶ

166 1889 285 1978 ὅμοιόν
309 1892 408 1959 ἐστιν.
454 1890 509 1958 καὶ
533 1892 602 1959 ἐπεὶ
632 1890 695 1958 δάο
719 1890 851 1959 εὐθεῖαι
878 1889 1064 1978 ἁπτόμεναι
1087 1891 1183 1979 άλλη-

166 2006 235 2065 λων
259 2000 297 2065 αἴ
317 2005 396 2082 ΕΖ,
424 2004 496 2065 ΖΗ
514 1997 602 2082 παρά
628 1997 691 2066 δύο
716 1996 852 2078 εὐθείας
876 1996 1065 2085 ἁπτομένας
1088 1996 1182 2086 άλλη-

165 2112 235 2172 λων
262 2102 321 2184 τάς
344 2111 424 2189 ΘΑ,
454 2110 527 2171 ΑΚ
551 2117 677 2172 κείνται
704 2103 750 2192 μὴ
780 2107 817 2173 ἐν
845 2109 891 2198 τῳ
919 2102 1009 2197 αὐτῷ
1038 2108 1181 2197 ἐπιπέδῳ

165 2203 264 2279 οὖσαι
271 2262 280 2296 ,
306 2218 379 2289 ἴσας
401 2215 525 2295 γωνίας
548 2212 766 2296 περιέξουσιν.
800 2220 856 2298 ἴση
880 2210 946 2300 άρα
966 2211 1057 2280 ἐστὶν
1075 2209 1096 2299 ἡ
1116 2209 1180 2280 ὑπὸ

165 2323 272 2383 ΕΖΗ
294 2321 400 2401 γωνία
426 2321 467 2405 τῇ
496 2314 562 2385 ὑπὸ
586 2324 692 2384 ΘΑΚ
714 2322 830 2408 γωνίᾳ.
877 2319 945 2386 ἐπεὶ
970 2311 1034 2386 οὖν
1058 2318 1123 2387 δύο
1147 2322 1182 2385 αἴ

166 2428 244 2506 ΕΖ,
269 2428 341 2488 ΖΗ
359 2422 436 2489 δνσὶ
459 2436 531 2503 ταῖς
550 2429 631 2509 ΘΑ,
657 2430 729 2490 ΑΚ
752 2432 821 2492 ἴσαι
844 2424 931 2492 είσὶν
954 2425 1094 2508 ἑκατέρα
1113 2425 1182 2492 ἑκα-

164 2530 258 2618 τέρῳ,
288 2528 344 2595 καὶ
372 2534 478 2614 γωνία
506 2527 527 2615 ἡ
556 2528 621 2597 ὑπὸ
650 2536 754 2596 ΕΖΗ
779 2535 887 2621 γωνίᾳ
914 2540 954 2620 τῇ
982 2528 1049 2599 ὑπὸ
1080 2535 1185 2599 ΘΑΚ

166 2644 220 2722 ἴση
250 2637 355 2720 ἐστίν,
384 2634 481 2719 βάσις
503 2634 570 2721 άρα
593 2633 613 2722 y}
640 2642 713 2703 ΒΗ
731 2636 826 2721 βάσει
850 2641 889 2725 τῇ
910 2644 978 2705 ΘΚ
998 2639 1090 2706 ἐστιν
1119 2647 1182 2724 ἴση.

166 2750 242 2810 ἴσον
265 2739 331 2827 ἄρα
354 2740 409 2807 καὶ
429 2740 549 2826 ὅμοιόν
569 2744 637 2810 ἐστι
656 2740 694 2810 τὸ
709 2748 814 2809 ΕΖΗ
829 2748 996 2831 τρίγωνον
1015 2748 1061 2836 τῷ
1083 2749 1183 2812 ΘΑΚ

164 2847 325 2938 τριγώνῳ.
361 2847 417 2913 καὶ
439 2848 585 2935 πυραμὶς
604 2846 685 2934 άρα,
708 2839 748 2934 ἧς
766 2848 827 2934 μέν
847 2851 916 2917 ἐστι
934 2847 972 2917 τδ
992 2857 1105 2917 ΑΕΗ
1117 2856 1181 2935 τρί-

164 2981 288 3040 γωνον,
311 2952 443 3041 κορυφὴ
460 2953 497 3021 δὲ
520 2952 600 3022 τὸΖ
619 2967 769 3039 σημεῖον,
793 2962 849 3042 ἴση
868 2981 903 3023 τε
921 2955 977 3023 καὶ
996 2953 1097 3041 ὁμοία
1117 2956 1183 3024 ἐστὶ

164 3065 204 3148 τῇ
228 3063 390 3146 πυραμίδι
413 3064 452 3148 ty}
476 3058 577 3145 βάσιν
600 3060 662 3147 μὲν
686 3060 807 3149 δχοάση
830 3060 869 3129 τὸ
888 3067 991 3130 ΑΒΓ
1005 3067 1182 3150 τρίγωνον,

165 3163 320 3253 κορυφὴν
349 3165 386 3234 δὲ
413 3164 451 3233 τδ
475 3175 508 3233 Α
536 3180 683 3252 σημεῖον.
729 3167 783 3234 καὶ
811 3164 832 3252 ἡ
861 3168 1005 3255 πυραμὶς
1034 3166 1117 3255 άρα,
1145 3160 1183 3255 ἧς

165 3275 263 3359 βάσις
290 3272 351 3359 μέν
380 3274 448 3340 ἐστι
476 3273 514 3341 τὸ
537 3278 650 3340 ΑΕΗ
667 3277 845 3360 τρίγωνον,
872 3272 1007 3361 κορυφὴ
1033 3274 1070 3344 δὲ
1094 3274 1133 3343 τὸ
1158 3281 1183 3341 Ζ

166 3375 316 3466 σημεῖον,
340 3375 440 3465 ὁμοία
464 3379 532 3446 ἐστὶ
546 3388 585 3465 τῇ
609 3382 771 3465 πυραμίδι
795 3383 834 3467 τῇ
858 3379 959 3466 βάσιν
979 3379 1041 3466 μὲν
1061 3381 1183 3469 ἐχοάση

165 3484 203 3553 τὸ
227 3491 331 3554 ΑΒΓ
348 3489 529 3573 τρίγωνον,
557 3483 713 3572 κορυφὴν
737 3484 775 3552 δὲ
797 3484 834 3554 τὸ
859 3495 892 3553 Α
916 3499 1065 3574 σημεῖον.
1115 3486 1183 3576 διῄ·
