2468 3952
167 203 233 266 400
558 207 741 258 APPENDIX
758 208 792 258 IL

166 349 205 434 τῇ
230 351 365 412 ΕΖΗΘ
387 350 560 432 πυραμίδι,
583 351 642 412 καί
663 348 731 414 ε’στι
753 350 813 433 τῆς
835 346 896 432 μέν
921 355 1058 416 ΑΒΓΔ
1081 374 1182 435 πυρα-

166 456 263 538 μίδος
287 451 486 532 ἑξαπλάσιον
509 451 548 545 τά
566 459 714 520 ΒΔΜΛ
738 454 886 541 στερεόν,
908 458 967 540 τῆς
991 455 1030 523 δέ
1050 464 1185 524 ΕΖΗΘ

167 556 367 638 ἑξαπλάσιον
380 561 417 626 τὸ
434 564 557 625 ΖΘΡΟ
570 559 718 645 στερεόν,
733 567 810 628 ίσον
824 559 891 647 ἀρα
901 561 969 628 ἐστὶ
984 559 1024 629 τὸ
1036 569 1066 630 Β
1074 571 1183 631 ΔΜΑ

167 663 302 750 στερεὸν
334 669 379 755 τῷ
411 671 538 731 ΖΘΡΟ
570 670 700 757 στερεῷ.
750 670 817 733 τῶν
850 666 888 735 δέ
921 676 1006 735 ίσων
1040 673 1183 756 στερεῶν

165 772 505 856 παραλληλεπιπέδων
551 768 840 840 ἀντιπεπόνθασιν
886 777 924 841 αί
962 773 1079 865 βάσεις
1120 790 1184 855 τοῖς

166 875 301 956 ὕψεσιν·
334 881 425 945 ἔστιν
455 876 523 964 ἀρα
555 874 600 957 ῶς
631 875 651 964 ἡ
684 885 762 946 ΒΜ
789 878 886 964 βάσις
917 879 1003 967 πρὸς
1035 879 1099 967 τὴν
1131 889 1187 948 ΖΡ

168 981 284 1069 βάσιν,
309 981 414 1062 οὕτως
436 982 473 1051 τὸ
498 994 559 1051 τοῦ
584 990 709 1052 ΟΡΘΖ
732 996 870 1072 στερεοῦ
893 983 989 1067 ὕψος.
1034 987 1081 1068 ῶς
1105 984 1181 1073 δέη

166 1095 245 1156 ΒΜ
263 1088 360 1174 βάσις
381 1088 465 1175 πρὸς
487 1089 550 1175 τὴν
575 1097 637 1156 ΖΡ
655 1092 766 1176 βάσιν,
791 1089 897 1171 οὕτως
919 1089 940 1178 ἡ
964 1099 1072 1161 ΑΒΓ
1091 1093 1182 1179 βάσις

166 1193 249 1281 πρὸς
276 1193 337 1281 τὴν
361 1202 466 1262 ΕΖΗ
490 1195 599 1281 βάσιν.
647 1193 691 1274 ῶς
718 1195 784 1283 ἀρα
807 1194 827 1283 ἡ
853 1205 955 1266 ΑΒΓ
978 1199 1078 1284 βάσις
1101 1200 1179 1285 πρὸς

165 1300 227 1388 την
251 1309 358 1368 ΕΖΗ
375 1302 491 1387 βάσιν,
516 1301 622 1382 οὕτως
644 1303 681 1371 τὸ
705 1307 765 1371 τοῦ
786 1311 911 1372 ΟΡΘΖ
936 1309 1075 1393 στερεοῦ
1099 1304 1180 1386 ὕψος

164 1407 247 1493 πρὸς
269 1411 306 1475 τὸ
332 1412 392 1475 τοῦ
411 1416 560 1475 ΛΜΔΒ
585 1414 721 1496 στερεοῦ
747 1408 844 1491 ὕψος.
883 1412 923 1479 τὰ
948 1409 979 1478 δ’
1006 1410 1095 1480 αὐτὰ
1117 1411 1180 1499 ὕψη

166 1513 234 1580 ἐστὶ
252 1525 320 1580 τῶν
339 1541 374 1581 τε
389 1521 548 1601 ΒΔΜΛ,
569 1522 695 1583 ΖΘΡΟ
713 1521 858 1604 στερεῶν
877 1518 932 1584 καί
951 1521 1020 1585 τῶν
1036 1525 1181 1603 ΑΒΓΔ,

166 1627 302 1688 ΕΖΗΘ
324 1625 533 1708 πυραμίδων.
575 1627 665 1689 ἔστιν
689 1620 755 1709 ἀρα
778 1619 823 1702 ῶς
846 1619 866 1709 ἡ
893 1630 995 1691 ΑΒΓ
1015 1624 1102 1712 πρὸς
1125 1624 1182 1711 τὴν

165 1734 273 1794 ΕΖΗ
296 1725 412 1813 βάσιν,
446 1724 552 1806 οὕτως
583 1726 620 1795 τὸ
650 1724 714 1795 ἀπὸ
745 1732 803 1814 τῆς
831 1734 967 1795 ΕΖΗΘ
993 1736 1181 1817 πυραμίδος

165 1832 251 1911 ὕψος
274 1837 341 1902 τῶν
362 1839 509 1916 ΑΒΓΔ,
528 1840 666 1901 ΕΖΗΘ
689 1832 772 1920 πρὸς
794 1831 832 1903 τὸ
851 1845 909 1920 τῆς
927 1841 1063 1903 ΑΒΓΔ
1080 1861 1183 1923 πυρα-

163 1941 259 2023 μίδος
291 1937 385 2019 ὕψος.
440 1943 508 2006 τῶν
537 1945 684 2025 ΑΒΓΔ,
717 1947 853 2010 ΕΖΗΘ
885 1939 951 2028 ἀρα
982 1948 1183 2029 πυραμίδων

162 2041 451 2114 ἀντιπεπόνθασιν
474 2048 512 2112 αί
532 2044 646 2129 βάσεις
668 2059 738 2127 τοῖς
760 2045 891 2127 ὕψεσιν.
929 2047 961 2114 1

230 2147 567 2219 ἀντιπεπονθέτωσαν
591 2149 633 2238 δὴ
657 2151 759 2220 πάλιν
782 2156 850 2221 τῶν
874 2158 1023 2239 ΑΒΓΔ,
1048 2162 1184 2224 ΕΖΗΘ

163 2260 361 2342 πυραμίδων
385 2260 422 2323 αδ
442 2256 556 2342 βάσεις
578 2270 648 2336 τοῖς
665 2258 776 2344 ὕψεσι,
799 2259 855 2325 καί
875 2263 957 2326 έστω
979 2257 1024 2339 ῶς
1042 2257 1064 2347 ἡ
1084 2268 1187 2330 ΑΒΓ

163 2359 259 2444 βάσις
287 2359 369 2448 πρὸς
396 2361 459 2447 τὴν
487 2369 595 2430 ΕΖΗ
619 2363 733 2448 βάσιν,
763 2364 868 2444 οὕτως
895 2363 932 2432 τδ
961 2369 1020 2452 τῆς
1045 2374 1184 2436 ΕΖΗΘ

166 2468 353 2551 πυραμίδος
376 2468 463 2547 ὕψος
485 2467 567 2557 πρὸς
589 2467 627 2538 τδ
652 2481 710 2556 τῆς
728 2476 862 2538 ΑΒΓΔ
880 2476 1069 2558 πυραμίδος
1088 2473 1183 2555 ὕψος.

161 2571 262 2658 λέγω,
296 2567 347 2639 ὅτι
380 2575 471 2642 ἐστὶν
506 2584 560 2661 ἴση
593 2574 614 2662 ἡ
643 2583 776 2644 ΑΒΓΔ
804 2578 950 2665 πυραμίς
976 2589 1016 2668 τῇ
1046 2588 1183 2649 ΕΖΗΘ

160 2684 332 2766 πυραμίδι·
393 2692 461 2750 τῶν
494 2681 558 2769 γάρ
592 2680 704 2750 αὐτῶν
736 2686 1080 2754 κατασκευασθέντων
1113 2691 1186 2756 έπεί

165 2789 255 2854 ἐστιν
280 2785 323 2866 ῶς
346 2785 367 2874 ἡ
387 2794 490 2855 ΑΒΓ
508 2788 605 2873 βάσις
627 2788 712 2874 πρὸς
730 2788 792 2875 τὴν
811 2797 916 2858 ΕΖΗ
936 2790 1050 2878 βάσιν,
1075 2791 1183 2873 οὕτως

162 2891 200 2960 τὸ
229 2903 287 2979 τῆς
311 2901 447 2962 ΕΖΗΘ
473 2892 559 2974 ὕψος
587 2894 670 2982 πρὸς
693 2893 731 2962 τὸ
754 2907 813 2982 τῆς
837 2904 971 2964 ΑΒΓΔ
993 2904 1182 2985 πυραμίδος

162 2997 263 3085 ὕψος,
297 2998 341 3079 ῶς
374 3000 411 3068 δέ
438 2999 459 3088 ἡ
489 3009 592 3069 ΑΒΓ
615 3001 712 3085 βάσις
740 3002 823 3090 πρὸς
848 3003 910 3090 την
940 3011 1047 3071 ΕΖΗ
1069 3004 1181 3091 βάσιν,

164 3104 269 3186 οὕτως
297 3104 317 3191 ἡ
347 3114 425 3175 ΒΜ
446 3107 544 3193 βάσις
572 3107 654 3194 πρὸς
681 3106 742 3193 τὴν
772 3115 834 3175 ΖΡ
858 3109 975 3195 βάσιν,
1009 3107 1117 3190 οὕτως
1144 3105 1180 3178 τδ

162 3215 219 3295 τῆς
243 3219 378 3280 ΕΖΗΘ
400 3218 587 3301 πυραμίδος
609 3213 695 3294 ὕψος
717 3213 802 3301 πρὸς
825 3216 862 3283 τὸ
886 3226 944 3301 τῆς
964 3221 1099 3283 ΑΒΓΔ
1121 3242 1181 3284 πυ-

162 3323 301 3405 ραμίδος
324 3318 419 3399 ὕψος.
463 3318 503 3385 τὰ
529 3317 560 3386 δ’
587 3317 671 3385 αὐτά
694 3320 763 3406 ὕψη
789 3320 857 3388 έστί
880 3324 948 3387 τῶν
971 3345 1005 3387 τε
1030 3328 1180 3408 ΑΒΓΔ,

162 3430 298 3491 ΕΖΗΘ
316 3430 514 3512 πυραμίδων
533 3426 588 3492 καὶ
608 3430 676 3492 τῶν
695 3433 858 3514 ΒΔΜΛ,
879 3433 1006 3493 ΖΘΡΟ
1026 3433 1180 3516 στερεῶν.

163 3531 252 3597 έστιν
275 3528 341 3617 άρα
365 3528 409 3609 ῶς
432 3527 545 3616 ἡΒΜ
564 3531 662 3616 βάσις
680 3531 763 3619 πρὸς
782 3531 843 3617 τὴν
859 3539 921 3599 ΖΡ
936 3531 1048 3618 βάσιν,
1073 3531 1181 3613 οὕτως
