2468 3952
503 173 686 224 APPENDIX
703 174 738 225 11.
1062 171 1126 236 401

112 308 152 378 τὸ
175 313 236 378 τοῦ
261 305 386 379 ΖΘΡΟ
407 316 544 400 στερεοῦ
567 313 662 392 ὕψος.
704 305 753 381 ών
778 314 814 382 δὲ
839 318 982 401 στερεῶν
1005 322 1128 400 παραλ-

110 417 340 503 ληλεπιπέδων
373 415 660 487 ἀντιπεπόνθασιν
693 422 731 486 αί
757 419 871 504 βάσεις
897 433 966 501 τοῖς
994 418 1127 505 ὕψεσιν,

112 532 169 591 ἴσα
193 524 283 591 ἐστὶν
307 527 425 592 ἐκεῖνα.
472 533 547 593 ἴσον
575 523 640 612 άρα
665 525 734 593 ἐστὶ
757 523 794 594 τὸ
819 532 968 593 ΒΔΜΛ
992 527 1127 610 στερεὸν

109 634 156 721 τῷ
176 636 304 698 ΖΘΡΟ
327 642 458 722 στερεῷ.
496 636 554 698 καί
575 633 643 699 ἐστι
661 631 803 718 τοῦμὲν
823 639 972 699 ΒΔΜΛ
991 637 1127 717 στερεοῦ

107 738 205 805 ἕκτον
224 737 324 823 μέρος
342 733 362 823 ἡ
377 743 527 822 ΕΖΗΘ,
542 743 674 804 ΑΒΓΔ
692 743 851 824 πυραμίς,
870 741 931 804 τοῦ
946 737 984 804 δὲ
999 744 1127 805 ΖΘΡο

109 847 248 930 στερεοῦ
281 844 377 910 ἕκτον
414 843 513 930 μέρος
544 840 565 930 ἡ
594 851 729 911 ΕΖΗΘ
760 850 918 931 πυραμίς.
974 852 1028 929 ἴση
1060 842 1126 931 άρα

109 949 200 1016 ἐστὶν
227 945 248 1035 ἡ
272 955 406 1016 ΑΒΓΔ
433 948 578 1036 πυραμὶς
604 953 643 1037 τῇ
667 956 795 1017 ΕΖΗΘ
822 954 992 1038 πυραμίδι.
1045 949 1125 1039 ὅπερ

110 1056 179 1121 ἔδει
203 1054 317 1134 δεῖξαι.

175 1269 224 1333 Ac
245 1264 359 1353 ὅμοιαι
378 1270 562 1354 πυραμίδες
579 1268 634 1334 παλ
653 1268 839 1354 τριγώνους
857 1273 993 1355 ἔχουσαι
1012 1267 1126 1353 βάσεις
1144 1289 1161 1338 8

111 1370 194 1456 πρὸς
212 1369 359 1458 ἀλλήλας
382 1375 419 1439 ἐν
438 1379 648 1458 τριπλασίονι
667 1374 756 1465 λόγω
778 1375 842 1442 εἴσλ
861 1379 930 1442 τών
950 1373 1126 1461 ὁμολόγων

110 1483 272 1567 πλευρών.

176 1590 324 1653 ἔστωσαν
353 1583 467 1670 ὅμοιαι
497 1590 680 1672 πυραμίδες
702 1587 758 1653 παλ
781 1587 967 1672 τριγώνους
989 1593 1125 1675 ἔχουσαι

112 1690 225 1777 βάσεις
248 1690 307 1771 τάς
325 1698 435 1777 ΑΒΓ,
458 1699 565 1759 ΕΖΗ
580 1695 618 1759 αί
628 1698 778 1778 ΑΒΓΔ,
802 1699 952 1778 ΕΖΗΘ,
975 1691 1127 1780 κορυφάς

111 1797 148 1865 δὲ
175 1797 215 1864 τά
248 1806 295 1883 Δ,
323 1806 352 1866 Θ
382 1811 515 1885 σημεῖα,
547 1798 604 1865 καλ
631 1805 714 1868 ἔστω
743 1807 798 1885 ἴση
826 1797 847 1886 ἡ
877 1799 938 1885 μὲν
965 1797 1030 1868 ὑπὸ
1058 1803 1127 1868 τών

109 1911 190 1988 ΑΒ,
219 1910 285 1971 ΒΓ
309 1910 416 1988 γωνία
444 1915 483 1993 τῇ
512 1902 577 1973 ὑπὸ
607 1915 676 1973 τῶν
698 1912 777 1990 ΕΖ,
807 1912 878 1972 ΖΗ
896 1910 1016 1994 γωνίᾳ,
1044 1902 1065 1991 ἡ
1090 1905 1127 1973 δὲ

110 2008 175 2078 ὑπὸ
204 2014 272 2078 τών
296 2017 379 2096 ΑΒ,
408 2018 477 2079 ΒΔ
504 2015 544 2099 τῇ
572 2008 638 2080 ῦπδ
661 2016 730 2080 τών
753 2019 831 2096 ΕΖ,
860 2019 928 2081 ΖΘ.
974 2012 1028 2078 καὶ
1057 2012 1126 2079 ἐπεὶ

107 2113 128 2202 ἡ
152 2113 218 2183 ὑπὸ
242 2127 312 2184 τών
329 2124 410 2201 ΑΒ,
433 2123 501 2184 ΒΓ
518 2127 558 2206 τῇ
581 2114 647 2185 ὑπὸ
671 2121 740 2184 τών
758 2125 833 2204 ΘΖ,
857 2123 937 2203 ΖΗ,
962 2114 1127 2204 ὁμόλογος

108 2221 146 2288 δὲ
170 2227 252 2289 ἔστω
276 2218 296 2307 ἡ
321 2228 389 2290 ΒΓ
405 2226 445 2309 τῇ
465 2230 541 2290 ΖΗ.
580 2225 681 2309 λέγω,
707 2221 758 2292 ὅτι
781 2222 801 2310 ἡ
826 2229 959 2290 ΑΒΓΔ
981 2226 1127 2311 πυραμὶς

106 2326 189 2410 πρὸς
221 2326 283 2414 την
312 2336 450 2396 ΕΖΗΘ
482 2333 653 2416 πυραμίδα
681 2335 899 2416 τριπλασίονα
929 2330 1033 2417 λόγον
1061 2337 1126 2419 ἔχει

109 2431 192 2518 ἥπερ
216 2430 236 2519 ἡ
261 2440 327 2501 ΒΓ
345 2432 428 2519 πρὸς
450 2433 513 2520 τὴν
538 2442 614 2503 ΖΗ.

175 2541 541 2627 συμπεπληρώσθωσαν
556 2540 619 2631 γάρ
630 2541 708 2610 τάΒ
717 2552 750 2610 Δ
756 2551 801 2610 Μ
801 2551 832 2610 Α
838 2595 847 2627 ,
863 2551 990 2614 ΖΘΡΟ
1000 2545 1126 2631 στερεά.

110 2647 182 2713 ἐπεί
203 2648 293 2713 ἐστιν
313 2645 358 2726 ώς
380 2645 401 2734 ἡ
421 2655 488 2716 ΒΓ
501 2647 584 2735 πρὸς
603 2648 665 2736 τὴν
684 2656 766 2735 ΒΛ,
791 2647 897 2729 οῦτως
916 2648 937 2736 ἡ
958 2656 1028 2716 ΖΗ
1042 2649 1126 2736 πρὸς

107 2751 169 2838 τὴν
190 2759 266 2836 ΖΕ,
289 2754 344 2820 καὶ
368 2755 442 2842 περὶ
467 2763 542 2833 ἴσας
559 2761 684 2841 γωνίας
702 2754 760 2836 τὰς
778 2754 843 2824 ὑπὸ
863 2766 931 2824 τών
950 2762 1016 2823 ΑΒ
1024 2807 1033 2841 ,
1053 2761 1125 2841 ΒΓ,

107 2866 185 2942 ΕΖ,
211 2865 281 2926 ΖΗ
300 2863 339 2927 αί
359 2861 499 2945 πλευραὶ
523 2859 693 2947 ἀνάλογόν
711 2866 810 2947 εἰσιν,
834 2862 953 2948 ὅμοιον
972 2860 1038 2948 άρα
1056 2862 1125 2928 ἐστὶ

107 2963 144 3032 τὸ
164 2971 243 3031 ΒΜ
261 2967 610 3054 παραλληλόγραμμον
633 2971 678 3059 τῷ
698 2975 761 3035 ΖΡ
780 2966 1126 3059 παραλληλογράμμῳ.

108 3073 164 3137 διά
187 3069 228 3137 τά
253 3069 337 3138 αὐτά
360 3072 403 3159 δὴ
427 3072 544 3140 καὶτὸ
568 3072 630 3159 μὲν
652 3081 723 3141 ΑΔ
745 3075 790 3164 τῷ
814 3080 879 3141 ΕΘ
902 3071 1021 3160 ὅμοιόν
1045 3076 1124 3159 ἐστι,

107 3175 153 3244 τδ
170 3175 207 3243 δὲ
231 3184 299 3243 ΝΒ
323 3188 367 3268 τῷ
393 3185 468 3244 ΖΠ.
514 3175 598 3245 άλλίι
622 3177 662 3246 τά
687 3177 748 3263 μὲν
771 3185 856 3264 ΒΝ,
880 3187 966 3265 ΑΔ,
990 3186 1068 3246 ΒΜ
1085 3177 1126 3246 τά

106 3288 182 3366 τρία
205 3294 275 3362 τοῖς
298 3281 500 3351 άπεναντίον
525 3281 638 3353 αῦτών
655 3296 726 3365 τοῖς
744 3291 834 3369 ΛΔ,
857 3289 953 3370 ΜΝ,
976 3291 1046 3352 ΑΛ
1070 3293 1126 3352 ἴσα

108 3391 192 3473 ἐστί,
218 3390 259 3455 τά
288 3387 326 3455 δὲ
350 3395 423 3474 ΖΡ,
451 3395 529 3475 ΕΘ,
559 3398 627 3458 ΠΖ
655 3390 695 3458 τά
724 3395 799 3479 τρία
826 3402 897 3470 τοῖς
923 3386 1131 3460 άπεναυτίον

106 3491 220 3561 αὐτῶν
250 3507 320 3572 τοῖς
347 3500 424 3581 ΘΟ,
453 3502 531 3580 ΕΟ,
560 3504 629 3564 ΡΠ
654 3505 710 3564 ἴσα
738 3499 837 3566 ἐστίν.
884 3494 966 3565 ὅλον
994 3495 1060 3584 άρα
1086 3523 1126 3565 το

162 3609 317 3662 Euclides,
331 3610 381 3650 edd.
395 3611 498 3662 Heiberg
512 3613 535 3653 ολ
548 3613 636 3664 Moneo.
657 3614 696 3655 IV.
930 3609 964 3658 26
