2468 3952
166 198 232 262 258
535 200 738 252 monum*
755 198 807 267 ιγ’.

166 341 268 425 λέγω,
296 337 348 406 ὅτι
375 338 416 406 τὰ
441 336 508 406 ἀπὸ
535 344 605 406 τῶν
626 347 709 424 ΛΒ,
737 347 806 408 BP
827 339 1005 425 τριπλάσιά
1027 343 1103 409 ἐστι
1126 346 1194 420 τοῦ,

165 442 232 513 ἆιὸ
254 449 314 531 τῆς
335 451 369 512 Γ
363 456 404 513 Λ.

229 549 495 638 Ἀναγεγράφθω
525 552 592 637 γὰρ
625 551 691 620 ἀπὸ
723 557 782 638 τῆς
809 560 875 620 AB
905 553 1121 639 τετράγωνον
1147 552 1186 622 τὸ

165 663 318 742 ΑΔΕΒ,
348 658 405 723 καὶ
435 657 705 745 καταγεγράφθω
736 657 775 725 τὸ
803 663 922 745 σχῆμα.
971 659 1042 726 ἐπεὶ
1071 652 1138 727 οὖν
1164 657 1184 746 ἡ

129 783 147 832 ⁶
165 772 198 830 A
205 770 234 830 B
256 761 364 849 ἄκρον
386 764 443 830 καὶ
464 765 569 849 μέσον
592 765 696 848 λόγον
718 765 873 850 τέτμηται
895 765 978 832 κατὰ
1002 765 1040 832 τὸ
1064 772 1106 851 Γ,
1129 767 1183 833 καὶ

164 868 202 937 τὸ
226 875 339 955 μεῖζον
361 869 472 956 τμῆμά
495 872 587 937 ἐστιν
609 869 631 956 ἡ
650 875 731 955 ΛΓ,
753 869 792 936 τὸ
816 869 883 957 ἄρα
906 868 972 940 ὑπὸ
995 876 1065 940 τῶν
1082 878 1188 940 ΑΒΓ

164 982 242 1042 ἶσον
264 975 334 1042 ἐστὶ
356 979 403 1065 τῷ
425 973 492 1042 ἆαὸ
515 979 575 1061 τῆς
591 980 666 1042 ΛΓ.
706 981 767 1041 καί
785 977 915 1045 ἔστιτὸ
939 977 1001 1063 μὲν
1023 975 1092 1045 ὑπὸ
1116 983 1183 1046 τῶν

164 1086 269 1148 ΑΒΓ
285 1080 324 1148 τὸ
347 1088 434 1165 ΑΚ,
459 1081 498 1149 τὸ
528 1080 566 1148 δὲ
588 1078 655 1148 ἀπὸ
678 1091 737 1167 τῆς
759 1088 829 1149 AP
846 1081 885 1151 τὸ
907 1091 988 1150 ΘΗ·
1017 1091 1095 1152 ἴσον
1118 1083 1182 1171 ἄρα

164 1188 234 1254 ἐστὶ
256 1186 294 1255 τὸ
318 1193 392 1254 ΑΚ
409 1192 456 1279 τῷ
478 1194 556 1255 ΘΗ.
600 1187 657 1253 καὶ
684 1188 755 1255 ἐπεὶ
782 1196 859 1255 ἴσον
886 1190 955 1257 ἐστὶ
982 1188 1021 1258 τὸ
1046 1197 1114 1257 ΛΖ
1137 1195 1181 1283 τῷ

113 1313 146 1362 10
169 1300 248 1378 ΖΕ,
279 1291 399 1361 κοινὸν
424 1299 637 1380 προσκείσθω
664 1290 702 1360 τὸ
729 1297 808 1359 ΓΚ·
841 1293 923 1362 ὅλον
950 1293 1016 1381 ἄρα
1044 1299 1083 1364 τὸ
1113 1304 1186 1365 ΛΚ

164 1398 232 1490 ὅλῳ
259 1403 306 1489 τῷ
330 1403 396 1466 ΓΕ
421 1401 512 1467 ἐστιν
538 1407 627 1466 ἴσον·
657 1397 699 1466 τα
726 1397 793 1482 ἄρα
820 1406 906 1485 ΛΚ,
935 1406 1001 1467 ΓΕ
1024 1405 1088 1468 τοῦ
1113 1409 1184 1470 AK

164 1505 233 1572 ἐστι
257 1503 423 1571 διπλάσια.
474 1504 558 1572 ἀλλὰ
580 1503 622 1570 τὰ
644 1509 729 1587 ΛΚ,
757 1510 823 1571 ΓΕ
849 1502 868 1572 ὁ
892 1510 1013 1573 ΛΜΝ
1034 1507 1183 1594 γνώμων

163 1609 233 1677 ἐστὶ
262 1610 318 1676 καὶ
344 1608 383 1679 τὸ
407 1616 476 1678 ΓΚ
500 1610 728 1696 τετράγωνον·
755 1607 774 1677 ὁ
803 1609 869 1694 ἄρα
893 1618 1012 1678 ΛΜΝ
1034 1613 1183 1700 γνώμων

162 1717 219 1782 καὶ
241 1713 280 1784 τὸ
299 1721 370 1784 ΓΚ
390 1715 600 1801 τετράγωνον
624 1715 784 1783 διπλάσιά
807 1718 876 1783 ἐστι
899 1721 961 1784 τοῦ
978 1725 1060 1786 ΛΚ.
1098 1717 1184 1787 ἀλλὰ

111 1841 145 1890 15
163 1820 231 1907 μὴν
257 1822 314 1889 καὶ
335 1820 374 1889 τὸ
397 1828 470 1889 ΛΚ
489 1826 536 1914 τῷ
559 1829 632 1890 ΘΗ
655 1825 791 1908 ἐδείχθη
814 1830 906 1890 ἴσον·
933 1820 952 1890 ὁ
976 1821 1043 1911 ἄρα
1066 1832 1187 1893 ΛΜΝ

163 1927 308 2015 γνώμων
339 1928 396 1995 καὶ
429 1927 479 2013 [τὸ
505 1934 574 1996 ΓΚ
598 1928 812 2016 τετράγωνον
839 1929 1000 1998 διπλάσιά
1027 1932 1098 1999 ἐστι
1121 1941 1183 2000 τοῦ

163 2041 246 2102 ΘΗ·
270 2032 355 2102 ὥστε
379 2031 397 2102 ὁ
418 2041 539 2102 ΛΜΝ
557 2035 704 2122 γνώμων
725 2036 795 2119 καὶ]
819 2037 859 2103 τὰ
878 2041 959 2120 ΓΚ,
978 2043 1052 2103 ΘΗ
1068 2038 1184 2126 τετρά-

163 2166 256 2225 γωνα
279 2139 457 2228 τριπλάσιά
482 2142 551 2208 ἐστι
573 2145 636 2209 τοῦ
659 2148 732 2209 ΘΗ
749 2143 968 2226 τετραγώνου.
1008 2150 1068 2210 καί
1089 2146 1182 2212 ἐστιν

163 2242 183 2313 ὁ
212 2245 301 2332 [μὲν]
325 2252 445 2313 ΛΜΝ
468 2246 615 2333 γνώμων
641 2248 697 2313 καὶ
724 2247 764 2314 τὰ
788 2252 869 2332 ΓΚ,
896 2254 971 2315 ΘΗ
988 2249 1183 2336 τετράγωνα

109 2371 145 2420 20
164 2348 245 2420 ὅλον
268 2350 305 2419 τὸ
330 2358 400 2418 ΑΕ
418 2353 475 2419 καὶ
497 2351 536 2420 τὸ
554 2359 637 2438 PK,
659 2350 743 2437 ἅπερ
767 2353 837 2421 ἐστὶ
857 2351 898 2420 τὰ
922 2352 988 2422 ἀπὸ
1011 2359 1081 2423 τῶν
1098 2365 1182 2444 ΑΒ,

163 2462 231 2524 ΒΓ
243 2456 449 2544 τετράγωνα,
468 2457 506 2526 τὸ
526 2458 564 2526 δὲ
578 2466 615 2525 Η
618 2465 647 2526 Θ
664 2458 703 2527 τὸ
723 2456 788 2526 ἆτὸ
808 2463 866 2545 τῆς
881 2461 1183 2547 ΑΓτετράγωνον.

162 2561 203 2630 τὰ
226 2560 292 2646 ἄρα
315 2561 381 2630 ἀπὸ
403 2568 472 2632 τῶν
495 2572 576 2650 AB,
604 2571 675 2632 BP
695 2564 886 2652 τετράγωνα
909 2567 1087 2653 τριπλάσιά
1111 2573 1184 2640 ἐστι

162 2672 224 2737 τοῦ
247 2666 312 2737 ἀπὸ
335 2673 394 2755 τῆς
418 2676 486 2737 ΑΓ
504 2670 731 2759 τετραγώνου·
755 2669 836 2758 ὅπερ
859 2674 929 2739 ἔδει
953 2674 1067 2754 δεῖξαι.

653 2847 692 2916 ε’.

107 2987 143 3038 25
226 2966 316 3037 Ἐὰν
339 2967 479 3039 εὐθεῖα
502 2969 657 3060 γραμμὴ
682 2969 806 3060 ἄκρον
824 2974 889 3039 καὶ
912 2976 1036 3060 μέσον
1058 2974 1184 3063 λόγον

162 3079 308 3165 τμηθῇ,
331 3077 396 3144 καὶ
419 3081 623 3164 προστεθῇ
643 3075 740 3166 αὐτῇ
761 3086 827 3164 ἴση
846 3082 896 3170 τῷ
912 3085 1067 3166 μείζονι
1088 3083 1182 3170 τμή-

162 3207 268 3268 ματι,
292 3180 312 3268 ἡ
338 3179 407 3269 ὅλη
431 3179 574 3251 εὐθεῖα
597 3181 721 3272 ἄκρον
743 3184 955 3271 καὶ.με’σον
977 3186 1098 3273 λόγον
1122 3192 1183 3258 τέ-

236 3385 257 3432 1.
278 3373 463 3445 τριπλασίονά
483 3395 508 3446 q.
600 3383 625 3433 3.
644 3379 719 3433 Ante
737 3373 821 3447 ἄναγ.
841 3379 895 3435 del.
916 3382 968 3435 καί
983 3399 1019 3435 m.
1041 3387 1054 3434 1
1077 3383 1102 3438 b.

162 3452 187 3501 ὅ.
211 3451 367 3517 Γαημεῖον
386 3449 419 3502 V.
529 3455 552 3503 7.
573 3445 647 3520 ἔστί]
667 3450 768 3519 (prius)
788 3447 862 3505 ἐστίν
881 3450 911 3506 P.
1017 3455 1184 3526 8.Α1(]Κ

162 3517 465 3573 corr.m.1exBP.
551 3520 740 3590 ANJAKb.
830 3526 854 3576 9.
876 3521 1123 3591 ΘΗ]Θοοοτε.
1144 3545 1183 3582 m.

63 3634 118 3704 ἱ
