2468 3952
374 201 649 253 ELEMENTORUM
666 203 775 252 LIBER
792 203 839 253 XI.
1074 200 1116 264 13

577 359 638 425 ΙΙΙ.

168 483 202 549 Si
235 485 298 549 duo
330 485 428 570 plana
460 486 546 550 inler
575 508 608 550 se
638 489 763 568 secant,
796 488 975 552 communis
1004 507 1116 551 eorum

96 592 202 658 sectio
225 595 315 656 recta
340 597 398 656 est.

168 697 253 762 Nam
277 699 340 762 duo
363 698 462 782 plana
481 703 562 781 AB,
586 701 652 762 ΒΓ
670 699 755 763 inter
778 720 812 762 se
836 703 953 781 secent,
977 702 1010 764 et
1033 721 1118 763 com·

96 804 207 868 munis
232 826 342 869 eorum
368 805 470 870 sectio
494 805 538 868 sit
560 805 648 868 linea
671 809 745 868 ΔΒ.
794 804 865 868 dico
873 854 881 885 ‚
904 804 1026 868 lineam
1051 808 1116 868 AB

96 915 223 975 rectam
247 932 325 975 esse.

167 1040 242 1081 nam
272 1018 298 1080 si
327 1017 447 1096 minus,
475 1017 517 1080 ab
543 1021 576 1079 Λ
600 1015 640 1079 ad
663 1019 692 1079 Β
714 1015 749 1078 in
771 1016 869 1099 plano
893 1019 958 1079 AB
982 1016 1117 1079 ducatur

96 1128 189 1188 reela
214 1127 330 1205 ΔΕΒ,
354 1122 388 1186 in
411 1122 508 1204 plano
532 1125 642 1185 autem
666 1124 731 1186 ΒΓ
750 1126 839 1186 recta
863 1125 971 1185 ΔΖΒ.
1008 1122 1117 1204 itaque

341 1227 476 1292 duarum
518 1231 681 1291 rectarum
719 1231 836 1309 ΔΕΒ,
878 1231 977 1291 ΔΖΒ
1019 1227 1117 1291 iidem

174 1378 201 1433 B
339 1332 471 1397 termini
504 1337 611 1417 erunt,
649 1337 681 1397 el
712 1334 760 1397 ita
792 1335 934 1417 spatium
972 1355 1115 1418 compre-

339 1439 492 1523 hendent3
512 1439 597 1522 quod
614 1440 789 1504 absurdum
804 1445 862 1504 est.
886 1462 983 1525 quare
1000 1445 1033 1503 A
1038 1444 1116 1520 ΕΒ,

341 1549 440 1609 ΔΖΒ
463 1549 571 1610 reciae
594 1568 661 1610 non
680 1550 764 1610 sunt.
811 1546 961 1610 similiter
985 1546 1117 1610 demon-

186 1693 211 1744 Δ
280 1693 304 1747 Α
341 1651 530 1735 errabimus,
558 1674 599 1715 ne
628 1653 726 1716 aliam
759 1653 887 1737 quidem
915 1653 1019 1717 ullam
1043 1675 1062 1716 a
1086 1658 1119 1714 A

341 1759 380 1822 ad
415 1762 442 1821 B
475 1758 607 1823 ductam
642 1763 766 1822 rectam
799 1780 869 1823 esse
893 1763 1023 1840 praeter
1052 1761 1117 1821 AB

344 1885 546 1929 communem
566 1863 742 1929 sectionem
761 1864 933 1947 planorum
950 1870 982 1927 A
988 1868 1032 1944 B,
1048 1866 1118 1926 ΒΓ.

170 1970 260 2055 Ergo
280 1971 308 2034 si
328 1970 389 2034 duo
408 1971 507 2054 plana
525 1971 793 2054 interemerant,
813 1969 992 2034 communis
1007 1991 1118 2032 eorum

103 2077 203 2140 sectio
227 2078 316 2140 reeta
340 2080 402 2160 est3
427 2077 511 2160 quod
536 2082 606 2141 erat
628 2075 922 2140 demonstrandum.

131 1825 157 1878 Γ

584 2305 640 2371 IV.

171 2411 319 2478 sirecte
346 2414 386 2477 ad
410 2413 489 2478 duas
513 2407 620 2477 rectas
642 2412 727 2476 inter
750 2434 784 2476 se
808 2416 953 2476 secantes
977 2411 1011 2474 in
1034 2433 1117 2474 corn-

320 2560 343 2610 Ζ
557 2508 657 2581 111ηηὶ
675 2517 817 2582 sectione
844 2515 1119 2601 perpendicularis

292 2640 390 2713 Λχ
557 2627 665 2688 erecta
693 2623 767 2708 erit,
796 2624 894 2687 etiam
923 2623 964 2687 ad
987 2623 1119 2706 planum

221 2643 333 2866 ΑΙΑ
355 2714 447 2799 Vs
557 2752 668 2794 earum
691 2729 965 2813 perpendicularis
990 2729 1059 2793 erit.

215 2842 246 2894 H
255 2717 450 2982 ῗίἓὴ
624 2834 710 2900 Nam
742 2840 831 2900 recta
863 2839 925 2898 ΕΖ
963 2835 1003 2899 ad
1040 2834 1120 2898 duas

238 3001 264 3055 Δ
401 2967 429 3022 Β
557 2948 662 3007 rectas
691 2946 772 3025 ΑΒ,
801 2944 868 3005 ΓΔ
899 2941 984 3005 inter
1016 2961 1049 3003 se
1087 2941 1122 3003 in

557 3053 677 3133 puncto
701 3053 733 3112 Ε
754 3046 899 3113 secantes
928 3047 969 3110 ab
993 3049 1024 3108 E
1050 3067 1121 3128 per-

104 3155 322 3237 pendicularis
351 3158 457 3220 erecta
486 3155 537 3219 sil.
584 3155 668 3239 dico,
700 3158 763 3218 ΕΖ
796 3155 893 3217 etiam
921 3151 962 3215 ad
988 3151 1121 3234 planum

105 3263 268 3324 rectarum
292 3264 372 3344 AB,
401 3264 468 3325 ΓΛ
495 3260 798 3344 perpendicularem
822 3281 901 3323 esse.

110 3386 261 3394 ——..
828 3385 1121 3395 ————-——-

105 3483 141 3492 -
161 3459 202 3507 19.
223 3448 326 3524 ὀρθάς]
346 3454 376 3507 in
393 3470 450 3508 ras.
469 3453 503 3508 V.
582 3457 624 3505 20.
645 3445 734 3504 αὐτόν
753 3446 784 3517 F,
804 3452 853 3507 sed
872 3469 940 3507 corr.
1014 3457 1056 3505 22.
1077 3446 1122 3504 ed-

104 3524 189 3586 θείας
207 3519 256 3586 τάς
274 3525 300 3578 b.
367 3530 409 3578 23.
429 3520 585 3593 τεμνούσας
603 3520 630 3574 b.
691 3526 733 3575 25.
753 3524 822 3594 τῶν]
843 3524 892 3591 τῆς
909 3525 936 3593 b,
956 3539 1024 3578 corr.
1045 3540 1081 3578 m.
1098 3528 1121 3575 1.
