2468 3952
139 198 206 263 236
512 201 714 254 ετοτεευευ
732 196 783 275 ιμ’.

140 341 299 427 εἰρημένα
325 340 548 429 τετράπλευρα
576 343 632 409 καί
662 341 700 411 τὸ
724 345 817 418 ΥΡΞ
840 346 1009 445 τρίγωνον
1035 343 1095 410 καί
1121 338 1159 410 τά

142 445 292 534 ὁμοταγῆ
317 445 446 533 αὐτοῖς,
471 447 603 535 κορυφὴ
628 448 665 516 δὲ
688 448 725 516 τὸ
752 456 783 515 Α
806 461 954 534 σημεῖον.

208 555 321 640 Λέγω,
349 553 400 622 ὅτι
429 552 467 623 τὸ
491 557 668 642 εἰρημένον
696 554 886 642 πολύεδρον
909 554 973 623 οὐκ
995 553 1161 642 ἐφάψεται

140 663 198 746 τῆς
226 660 409 740 ἐλάσσονος
431 666 576 748 σφαίρας
599 659 682 728 κατὰ
709 658 773 746 τὴν
796 660 1011 747 ἐπιφάνειαν,
1041 660 1098 749 ἐφ’
1123 653 1161 749 ἧς

106 767 233 834 σέστιν
257 763 275 835 ὁ
300 773 401 834 ΖΗΘ
423 765 553 847 κύκλος.

197 871 317 959 Ἤχθω
351 869 416 940 άπὸ
448 876 511 941 τοῦ
537 880 569 940 Α
601 877 742 959 σημείου
774 873 827 941 ἐπὶ
858 872 895 941 τὸ
929 878 991 942 τοῦ
1020 881 1164 943 ΚΒΟΣ

132 979 386 1065 ’τετραπλεύρου
412 980 569 1047 ἐπίπεδον
587 979 741 1058 ’κάθετος
766 979 787 1066 ἡ
817 987 898 1048 ΑΨ
924 980 980 1048 καὶ
1011 987 1162 1067 συμβαλ-

141 1085 224 1153 λέτω
247 1088 292 1176 τῷ
317 1087 460 1176 ἐπιπέδῳ
483 1084 565 1152 κατά
590 1085 627 1155 τὸ
652 1094 689 1153 Ψ
710 1099 860 1172 σημεῖον,
883 1086 939 1154 καὶ
958 1085 1163 1175 ἐπεζεύχθω·

143 1209 207 1259 σαν
236 1193 273 1258 αί
298 1197 382 1275 ΨΒ,
416 1197 496 1258 ΨΚ.
542 1192 598 1259 καὶ
627 1192 697 1259 έπελ
719 1188 740 1278 ἡ
764 1199 845 1259 ΑΨ
869 1187 959 1277 ὀρθή
983 1194 1054 1260 ἐστι
1069 1192 1163 1282 πρὸς

90 1315 124 1364 10
142 1298 179 1364 τὸ
202 1301 264 1364 τοῦ
288 1302 430 1363 ΚΒΟΣ
448 1297 695 1387 τετραπλεύρου
718 1300 887 1382 ἐπίπεδον,
914 1298 970 1365 καὶ
992 1296 1080 1387 πρὸς
1102 1299 1163 1367 πά-

143 1421 203 1482 σας
231 1400 298 1488 άρα
324 1401 383 1483 τὰς
409 1401 596 1491 ἁπτομένας
623 1401 727 1490 αὐτῆς
754 1402 889 1484 εὐθείας
915 1404 971 1472 καί
994 1403 1102 1485 ούσας
1124 1409 1162 1474 έν

142 1513 187 1600 τῷ
220 1520 281 1577 τοῦ
313 1510 559 1598 τετραπλεύρου
591 1510 734 1602 ἐπιπέδῳ
767 1508 857 1597 ὀρθή
886 1502 983 1578 ἐστιν.
1033 1510 1055 1597 ἡ
1084 1520 1167 1581 ΑΨ

142 1613 209 1703 άρα
241 1614 330 1702 ὀρθή
359 1619 427 1684 έστι
459 1615 542 1703 πρὸς
569 1618 728 1703 ἑκατέραν
756 1627 825 1684 τῶν
853 1624 940 1703 ΒΨ,
973 1624 1055 1686 ΨΚ.
1105 1621 1163 1687 καλ

143 1722 212 1790 ἐπεὶ
241 1730 296 1808 ίση
324 1725 416 1791 ἐστίν
443 1720 464 1809 ἡ
488 1731 554 1790 ΑΒ
575 1728 615 1812 τῇ
640 1730 725 1806 ΑΚ,
751 1720 827 1791 ἴσον
855 1723 924 1790 ἐστὶ
952 1724 1007 1790 καί
1029 1723 1069 1791 τὸ
1095 1721 1163 1794 άπὸ

90 1844 123 1894 15
141 1832 200 1914 τῆς
222 1837 288 1896 ΑΒ
315 1833 360 1920 τῷ
389 1827 455 1896 άπὸ
482 1833 541 1915 τῆς
564 1836 642 1896 ΑΚ.
682 1834 742 1896 καί
767 1831 836 1896 έστι
858 1832 903 1920 τῷ
928 1829 991 1916 μὲν
1012 1825 1079 1898 άπὸ
1104 1835 1166 1917 τῆς

142 2044 188 2132 τῷ
214 2048 260 2108 Ψ·
281 2045 327 2133 τῷ
352 2042 390 2110 δὲ
412 2039 477 2109 άπὸ
500 2045 558 2127 τῆς
577 2049 649 2110 ΑΚ
666 2050 722 2110 ίσα
740 2041 781 2109 τὰ
800 2039 865 2110 άπὸ
885 2052 954 2110 τῶν
969 2051 1057 2128 ΑΨ,
1081 2051 1163 2119 ΨΚ.

142 2146 183 2214 τὰ
212 2143 277 2232 άρα
306 2145 381 2215 άπὸ·
398 2151 467 2215 τῶν
495 2156 527 2214 Α
536 2157 585 2233 Ψ,
623 2157 691 2216 ΨΒ
720 2156 776 2215 ίσα
805 2149 874 2216 έστὶ
900 2162 972 2228 τοῖς
998 2147 1064 2216 άπὸ
1091 2156 1165 2220 τῶν

143 2260 176 2318 A
186 2259 237 2336 Ψ,
264 2260 345 2320 ΨΚ.
390 2253 509 2320 κοινὸν
532 2251 722 2342 άφηρήσθω
746 2252 784 2323 τὸ
808 2252 873 2322 άπὸ
897 2265 956 2340 τῆς
979 2265 1011 2323 Α
1022 2264 1069 2323 Ψ·
1094 2265 1165 2327 λοι·

85 2368 125 2425 '20
143 2355 209 2426 τὸν
243 2356 308 2444 άρα
338 2357 376 2435 τὸ
409 2356 475 2427 άπὸ
507 2364 565 2446 τῆς
592 2367 669 2427 ΒΨ
696 2364 800 2451 λοιπῷ
828 2370 875 2452 τῷ
904 2359 969 2429 άπὸ
997 2366 1058 2448 τῆς
1091 2370 1166 2432 ΨΚ

144 2473 221 2532 ίσον
244 2465 347 2531 έστίν·
375 2471 431 2550 ίση
455 2463 522 2551 άρα
544 2463 565 2551 ἡ
588 2472 665 2532 ΒΨ
685 2469 724 2554 τῇ
750 2472 834 2553 ΨΚ.
880 2464 1004 2553 ὁμοίως
1027 2468 1069 2556 δὴ
1094 2473 1165 2539 δεί-

144 2574 254 2657 ξομεν,
278 2567 328 2638 ὅτι
350 2571 406 2638 καὶ
430 2574 468 2638 αί
487 2569 553 2641 άπὸ
578 2575 639 2639 τοῦ
664 2579 702 2638 Ψ
720 2572 773 2640 ἐπὶ
791 2573 831 2640 τὰ
852 2579 896 2657 Ο,
921 2583 956 2642 Σ
972 2576 1165 2661 ἐπιζευγνύ-

44 2690 48 2697 ’
143 2702 241 2764 μεναι
268 2673 400 2744 εὐθεῖαι
427 2685 498 2745 ίσαι
526 2679 612 2745 είσλν
640 2678 778 2768 ἑκατέρα
799 2683 869 2747 τῶν
892 2687 980 2765 ΒΨ,
1012 2688 1095 2748 ΨΚ.
1144 2680 1163 2751 ὁ

143 2781 209 2870 άρα
232 2784 357 2874 κέντρῳ
380 2787 426 2875 τῷ
454 2791 492 2851 Ψ
511 2785 566 2851 καὶ
590 2787 787 2871 διαστήματι
810 2786 861 2854 ένὶ
882 2790 953 2873 τῶν
977 2794 1059 2873 ΨΒ,
1088 2795 1167 2857 ΨΚ

90 2905 125 2956 25
142 2886 357 2976 γραφόμενος
379 2889 502 2971 κύκλος
525 2889 594 2976 ἥξει
617 2892 673 2958 καὶ
693 2889 749 2959 διά
768 2895 837 2960 τῶν
857 2899 900 2977 Ο,
924 2900 971 2979 Σ,
994 2893 1050 2960 καὶ
1069 2898 1166 2962 ἔσται

144 2998 181 3064 ἐν
203 2995 315 3087 κύκλῳ
338 2995 376 3065 τὸ
399 3003 545 3065 ΚΒΟΣ
564 2996 819 3085 τετράπλευρον.

210 3104 279 3171 Καὶ
308 3103 377 3171 ἐπεὶ
405 3109 525 3189 μείζων
553 3105 644 3172 ἐστὶν
667 3101 688 3191 ἡ
713 3111 779 3171 ΚΒ
802 3108 861 3190 τῆς
884 3111 968 3191 ΧΦ,
997 3112 1052 3190 ίση
1076 3104 1115 3172 δὲ
1139 3102 1162 3192 ἡ

144 3216 212 3278 ΧΦ
234 3214 274 3299 τῇ
299 3217 381 3297 ΣΟ,
410 3215 530 3296 μείζων
557 3207 623 3297 άρα
650 3207 671 3296 ἡ
694 3218 763 3278 ΚΒ
790 3215 848 3298 τῆς
871 3218 947 3280 ΣΟ.
998 3218 1053 3297 ίση
1078 3209 1162 3298 δδὴ

217 3393 240 3440 1.
261 3388 344 3446 Tm>
358 3386 423 3444 BV.
513 3393 538 3442 Β.
558 3383 573 3442 ὁ
596 3388 711 3457 οιοταηη
729 3388 760 3442 Β.
852 3394 877 3442 3.
896 3385 968 3458 λέγω
988 3385 1025 3457 δή
1044 3406 1070 3456 q.
1139 3442 1148 3450 ,

144 3463 168 3512 9.
189 3459 259 3529 ΨΒ]
279 3462 300 3511 Β
320 3474 335 3511 ε
354 3475 424 3513 corr.
438 3459 469 3525 P,
489 3461 549 3512 ΒΨ
595 3459 647 3527 Vq.
720 3455 797 3515 ἐστιν
815 3459 846 3516 Ρ.
920 3464 961 3513 10.
981 3460 1115 3531 ΚΒΟΣ]
1134 3463 1166 3514 Σ

143 3543 159 3582 ο
180 3544 248 3584 corr.
268 3546 304 3584 m.
325 3533 340 3581 1
359 3527 390 3598 P,
408 3531 477 3586 mut.
496 3527 526 3584 in
544 3532 661 3584 ΒΚΟΣ
676 3547 713 3585 m.
734 3537 748 3584 1
768 3530 801 3600 V,
821 3532 939 3586 ΒΚΟΣ
954 3548 981 3599 q.
1062 3549 1163 3602 τετρα-
