2468 3952
133 217 199 282 300
504 216 705 269 ΣΤΟΙΧΕΙΩΝ
724 212 773 284 ιγ’.

135 367 201 427 ΔΒ
224 370 269 450 τῷ
292 356 357 427 άπὸ
382 361 440 445 τῆς
463 366 541 425 ΛΕ·
570 365 625 444 ἴση
654 356 719 444 γάρ
747 371 850 426 κεῖται
878 355 899 445 η
927 364 991 425 ΕΘ
1013 361 1056 447 τῇ
1081 364 1150 426 ΔΒ.

134 475 211 533 ἴσον
239 463 304 552 άρα
331 465 387 532 καῖ
413 463 452 534 τὸ
477 461 543 533 άπὸ
566 468 625 551 τῆς
648 472 713 532 ΑΒ
737 468 782 555 τῷ
806 463 872 533 άπὸ
886 467 954 552 ,τῆς
977 471 1070 532 ΛΜ·
1101 472 1150 551 ἴση

135 571 200 658 άρα
222 570 243 659 η
267 580 333 640 ΑΒ
357 577 396 660 τῇ
420 577 506 640 ΛΜ.
541 577 601 638 καί
621 572 712 639 ἐστιν
735 571 755 657 ἡ
779 578 845 639 AB
867 569 889 658 ἡ
912 576 971 658 τῆς
996 576 1152 658 δοθείσης

135 685 280 768 σφαίρας
309 677 497 764 διάμετρος·
525 675 546 763 ἡ
570 685 651 745 ΛΜ
673 674 739 764 άρα
767 686 823 764 ἴση
851 678 920 746 ἐστὶ
947 681 988 766 τῇ
1018 682 1079 765 τῆς
1107 682 1153 745 δο-

101 792 254 872 σθείσης
277 789 421 871 σφαίρας
444 785 619 875 διαμέτρῳ.
1196 812 1199 817 ·

203 897 440 977 Περιείληπται
459 888 524 976 άρα
543 889 580 958 τδ
602 887 786 977 ὀκτάεδρον
799 896 839 979 τῇ
855 896 998 979 δοθείσῃ
1015 897 1153 982 σφαίρᾳ.

136 998 191 1064 καὶ
216 997 525 1081 συναποδέδεικται,
549 995 601 1065 ὅτι
624 995 644 1083 ἡ
668 1001 726 1084 τῆς
744 1003 889 1085 σφαίρας
908 997 1092 1085 διάμετρος
1106 1001 1154 1066 δν

137 1104 235 1191 νάμει
254 1107 441 1171 διπλασίων
461 1104 530 1171 ἐστὶ
547 1108 607 1191 τῆς
620 1108 680 1172 τοῦ
696 1102 879 1191 ὀκταέδρου
892 1111 1057 1189 πλευρᾶς·
1079 1105 1155 1191 ὅπερ

138 1216 206 1279 ἔδει
230 1214 344 1290 δεῖξαι.

87 1445 119 1495 10
623 1422 674 1491 ιε’.

206 1546 345 1630 Κύβον
364 1546 645 1633 συστήσασθαι
662 1547 727 1614 καὶ
746 1552 897 1637 σφαίρᾳ
911 1554 1157 1635 περιλαβεῖν,

139 1645 243 1742 ᾖκαῖ
261 1650 332 1739 τὴν
350 1658 570 1740 πυραμίδα,
589 1654 654 1720 καῖ
673 1655 818 1737 δεῖξαι,
838 1650 897 1721 ὅτι
916 1650 936 1739 ἡ
957 1664 1027 1740 τῆς
1045 1662 1158 1742 σφαί-

140 1789 209 1849 ρας
241 1758 452 1848 διάμετρος
489 1759 659 1846 δυνάμει
695 1764 943 1846 τριπλασίων
976 1761 1061 1828 ἐστὶ
1095 1767 1159 1850 τῆς

138 1873 208 1937 τοῦ
232 1867 359 1952 κύβου
380 1869 561 1952 πλευράς.

88 1997 120 2047 15
204 1973 385 2042 Ἐκκείσθω
417 1969 438 2058 ἡ
471 1981 530 2057 τῆς
562 1975 722 2056 δοθείσης
753 1978 899 2058 σφαίρας
931 1970 1113 2061 διάμετρος
1141 1972 1160 2061 ἡ

140 2089 207 2150 AB
230 2082 285 2149 καί
309 2079 484 2167 τετμήσθω
507 2075 591 2145 κατὰ
612 2075 650 2146 τὸ
675 2083 708 2144 Γ
730 2075 815 2146 ὥστε
838 2082 961 2164 διπλῆν
986 2076 1077 2147 εἶναι
1101 2080 1160 2167 τὴν

140 2192 212 2254 ΑΓ
228 2191 287 2273 τῆς
310 2193 386 2271 ΓΒ,
414 2185 470 2252 καῖ
497 2182 682 2272 γεγράφθω
710 2184 763 2252 ἐπὶ
790 2195 848 2270 τῆς
872 2191 937 2252 AB
960 2183 1161 2271 ἡμικύκλιον

140 2290 179 2360 τὸ
202 2299 316 2377 ΑΔΒ,
344 2292 400 2359 καῖ
428 2288 493 2360 άπὸ
521 2293 583 2358 τοῦ
605 2296 637 2357 Γ
659 2294 699 2378 τῇ
724 2298 788 2358 ΑΒ
817 2288 902 2378 πρὸς
930 2288 1040 2377 ὀρθὰς
1062 2291 1160 2381 ἤχθω

141 2396 161 2483 ἡ
178 2403 240 2465 ΓΔ
245 2450 254 2482 ,
274 2398 330 2464 καὶ
349 2396 536 2484 ἐπεζεύχθω
555 2394 576 2484 ἡ
592 2404 675 2483 ΑΒ,
694 2397 750 2463 καὶ
770 2398 933 2465 ἐκκείσθω
947 2399 1163 2486 τετράγωνον

88 2527 122 2576 20
140 2503 178 2572 τὸ
203 2510 340 2571 ΕΖΗΘ
367 2511 444 2589 ἴσην
472 2508 550 2592 ἔχον
576 2501 640 2590 τὴν
662 2502 812 2590 πλευράν
834 2514 875 2592 τῇ
900 2511 982 2590 ΑΒ,
1011 2507 1068 2572 καὶ
1097 2505 1161 2575 άπδ

142 2614 211 2678 τῶν
230 2617 275 2694 Ε,
301 2617 342 2695 Ζ,
366 2616 415 2695 Η,
439 2617 468 2678 Θ
486 2614 532 2702 τῷ
551 2619 613 2678 τοῦ
632 2615 769 2678 ΕΖΗΘ
786 2611 999 2697 τετραγώνου
1018 2614 1163 2704 ἐπιπίδφ

142 2716 226 2803 πρὸς
257 2714 365 2805 ὀρθάς
396 2714 559 2804 ἤχθωσαν
588 2719 625 2784 αἴ
650 2722 732 2802 ΕΚ,
761 2723 835 2802 ΖΛ,
862 2722 957 2803 ΗΜ,
989 2724 1075 2802 ΘΝ,
1109 2719 1163 2786 καῖ

233 2990 257 3038 1.
277 2983 347 3054 ΑΕ]
372 2999 456 3053 supra
476 2999 527 3037 scr.
547 2988 627 3038 Am.
649 2988 663 3036 1
682 2981 710 3037 b.
819 2983 885 3054 ΔΒ]
910 3000 1066 3054 suprascr.
1086 2992 1110 3039 Α
1129 3003 1163 3039 m.

144 3055 202 3110 lb.
275 3061 299 3109 2.
321 3050 397 3109 ἔστιν
416 3049 474 3122 ἄρα
493 3054 522 3108 Ρ.
600 3058 625 3108 3.
645 3050 675 3124 ἡ]
694 3053 782 3123 (tert.)
802 3070 855 3108 om.
875 3055 902 3111 b.
989 3060 1015 3109 4.
1037 3053 1115 3110 ἐστίν
1135 3057 1164 3110 Ρ.

216 3133 241 3182 7.
261 3122 304 3180 ὅτι
322 3120 354 3197 ἡ]
374 3141 444 3179 corr.
462 3140 497 3178 ex
516 3119 560 3180 ὅτι
577 3124 597 3178 b
621 3142 658 3180 m.
675 3129 698 3178 1.
772 3129 797 3180 8.
816 3119 886 3193 ὅπερ
907 3122 968 3180 ἔδει
986 3127 1095 3199 δεῖξαι]
1111 3145 1165 3182 om.

142 3197 177 3266 V,
196 3190 266 3266 ὅπερ
286 3192 344 3272 &dy
360 3196 390 3249 B.
460 3201 503 3253 11.
521 3192 625 3249 κύκλον
644 3212 670 3262 q.
740 3193 951 3264 σννστήσασθαι
969 3197 1000 3251 Ρ.
1073 3204 1116 3255 12.
1136 3190 1165 3270 ᾗ]

144 3284 199 3323 om.
217 3267 245 3323 b.
345 3265 398 3335 τὴν
417 3265 577 3337 πυραμίδα]
595 3261 631 3321 τά
650 3263 788 3334 πρότερον
807 3265 904 3321 Theon
923 3266 1057 3338 (BVbq.

146 3343 188 3396 1³.
208 3339 307 3408 τριπλῆ
326 3338 410 3407 qu,
430 3353 520 3408 comp.
539 3336 572 3392 V.
629 3330 704 3391 ἐστίν
719 3337 778 3392 ΡΒ.
834 3343 876 3394 15.
895 3335 926 3409 ἡ]
947 3338 1035 3408 (prius
1066 3341 1168 3411 postea

144 3408 349 3466 add.m.1P.
442 3414 483 3463 19.
504 3407 573 3478 ΔΒ]
593 3413 643 3462 ΑΒ
662 3408 689 3465 b.
780 3413 823 3463 20.
844 3407 916 3478 ἔχων
935 3409 966 3474 Ρ,
993 3427 1064 3466 corr.
1084 3430 1122 3466 m.
1142 3418 1166 3466 2.

95 3542 100 3549 ,
216 3475 279 3552 τήν]
301 3474 423 3547 ἑκάστην
441 3478 495 3546 Vq.
585 3483 629 3534 21.
647 3479 686 3550 τῷ
705 3479 756 3533 τοῦ
775 3479 910 3551 ΕΖΗΘ]
937 3497 1023 3550 συρτει
1041 3483 1168 3538 MP.

81 3546 192 3704 Ν
216 3545 362 3606 ίτιιτιίδων
380 3549 418 3617 Β,
442 3564 513 3605 corr.
531 3567 567 3604 m.
587 3555 612 3604 ἴ.
720 3554 763 3604 22.
782 3550 847 3622 καί]
868 3567 925 3619 seq.
944 3568 998 3608 ras.
1018 3557 1034 3606 8
1054 3553 1113 3610 litt.
1133 3553 1168 3608 V.
