2468 3952
36 157 40 163 ⁵
140 198 205 264 366
542 199 724 251 mmm
741 200 763 252 1.

206 339 381 420 Σύνθεσις
406 340 450 409 B}
480 348 580 427 λῆψις
611 343 688 409 τοῖν
702 339 978 427 ὁμολογουμένου
1006 341 1063 410 διὰ
1092 323 1157 412 τῶν

139 443 342 543 ἀκολούθων
364 448 421 515 ἐντί
439 471 472 514 τι
495 445 621 534 ἄληθες
643 443 924 533 ὁμολογούμενον.

142 646 219 711 Τοῦ
243 654 265 709 ο“ι
286 641 549 731 θεωρήματος
571 639 593 728 ἡ
617 638 811 721 ιἰνοὶλυσις
832 642 900 709 καὶ
922 641 943 730 ἡ
964 641 1156 724 σύνθεσις

449 747 549 817 ἄνευ
570 758 839 835 καταγραφῆς.

103 911 118 959 5
205 885 336 958 Εὐθεῖα
358 889 424 977 γάρ
447 916 498 970 τις
519 889 540 976 ἡ
559 897 627 957 ΑΒ
650 887 756 975 ἄκρον
777 890 833 957 καὶ
855 890 961 976 μέσον
984 889 1090 976 λόγον
1108 917 1155 960 τε·

136 995 277 1082 τμήσθω
299 994 382 1064 κατὰ
405 995 443 1065 τὸ
458 1002 497 1082 Γ,
519 996 577 1064 καὶ
600 1000 684 1064 ἔστω
703 1002 816 1082 μεῖζον
833 993 985 1084 τμῆμαὴ
999 1004 1033 1064 A
1038 1004 1084 1084 Γ,Ι
1100 997 1154 1065 καὶ
1170 1049 1173 1055 -

135 1105 176 1190 τῇ
208 1101 343 1194 ἡμισείᾳ
374 1106 433 1189 τῆς
459 1109 525 1170 AB
557 1111 614 1188 ἴση
646 1108 773 1171 κείσθω
794 1101 821 1190 ἡ
849 1109 932 1170 AA·
964 1104 1052 1189 λέγω
1060 1155 1071 1189 ,
1104 1102 1155 1172 ὅτι

75 1223 78 1229 ’
136 1207 384 1276 πενταπλάσιόν
407 1211 476 1277 ἐστι
497 1207 536 1277 τὸ
560 1205 627 1276 ἆτό
649 1212 709 1295 τῆς
735 1213 796 1275 ΓΛ
817 1211 880 1276 τοῦ
903 1205 968 1277 ἀπὸ
991 1213 1053 1295 τῆς
1075 1219 1154 1279 AA.

198 1311 288 1382 Ἐπεὶ
315 1311 380 1402 γὰρ
407 1313 655 1383 πενταπλάσιόν
682 1317 752 1382 ἐστι
773 1314 813 1381 τὸ
837 1310 984 1400 ἆτὸτῆς
1006 1320 1072 1383 ΓΔ
1093 1321 1154 1385 τοῦ

83 1441 116 1491 10
135 1418 201 1487 ἀπὸ
229 1424 289 1506 τῆς
317 1428 399 1506 AA,
426 1419 465 1489 τὸ
494 1420 532 1488 δὲ
559 1418 625 1488 ἀπὸ
653 1424 711 1508 τῆς
733 1426 798 1489 ΓΔ
824 1421 894 1488 ἐστι
921 1420 962 1489 τὰ
990 1419 1057 1491 ἀπὸ
1085 1427 1153 1491 τῶν

135 1530 209 1611 ΓΑ,
244 1534 310 1593 ΑΔ
337 1526 417 1613 μετὰ
445 1530 507 1595 τοῦ
535 1525 588 1607 δὶς
613 1524 681 1594 ὑπὸ
707 1529 777 1594 τῶν
803 1531 879 1612 ΓΑ,
907 1533 986 1613 ΑΔ,
1017 1525 1061 1594 τὰ
1087 1526 1152 1615 ἄρα

135 1630 200 1700 ἀπὸ
223 1636 292 1701 τῶν
315 1639 391 1720 ΓΑ,
419 1640 491 1700 ΑΔ
517 1631 598 1720 μετὰ
626 1636 687 1700 τοῦ
714 1632 767 1712 θὶς
793 1629 860 1699 ὑπὸ
886 1635 956 1701 τῶν
980 1639 1060 1719 ΓΑ,
1083 1643 1174 1703 ΑΔ,

134 1740 361 1809 πενταπλάσια
384 1743 454 1809 ἐστι
476 1750 537 1808 τοῦ
560 1738 625 1807 ἀπὸ
650 1747 734 1806 ΑΔ·
764 1737 910 1806 διελόντι
933 1737 1000 1826 ἄρα
1022 1739 1061 1808 τὸ
1082 1738 1150 1809 ἀπὸ

134 1850 192 1932 τῆς
213 1852 275 1915 ΓΑ
297 1845 377 1934 μετὰ
400 1850 463 1915 τοῦ
485 1846 537 1927 θὶς
558 1843 625 1914 ὑπὸ
648 1848 717 1914 τῶν
736 1851 811 1931 ΓΑ,
834 1853 907 1912 ΑΔ
929 1845 1151 1932 τετραπλάσιά

81 1972 114 2021 15
134 1954 203 2020 ἐστι
229 1957 291 2022 τοῦ
319 1951 385 2022 ἀπὸ
413 1960 492 2022 ΑΔ.
541 1950 627 2021 ιἰλλὰ
653 1955 700 2044 τῷ
724 1949 787 2038 μὲν
814 1951 867 2031 θὶς
894 1947 959 2018 ὑπὸ
983 1953 1052 2018 τῶν
1075 1958 1150 2038 ΓΑ,

134 2066 204 2126 ΑΔ
233 2067 309 2127 ἴσον
336 2060 406 2127 ἐστὶ
435 2057 472 2126 τὸ
501 2057 568 2126 ντιὸ
595 2061 664 2127 τῶν
692 2064 773 2143 BA,
800 2062 879 2124 ΑΓ·
907 2059 1008 2143 ὃιιτλῆ
1036 2055 1102 2147 γὰρ
1129 2055 1150 2145 ἡ

134 2172 195 2232 BA
222 2169 280 2252 τῆς
307 2174 392 2234 ΑΛ·
419 2169 464 2258 τῷ
493 2164 531 2233 δὲ
558 2163 624 2232 ἀπὸ
653 2167 711 2251 τῆς
733 2168 804 2231 ΑΓ
826 2171 902 2230 ἴσον
929 2164 999 2230 ἐστὶ
1021 2161 1061 2232 τὸ
1084 2161 1148 2232 ὑπὸ

132 2276 201 2339 τῶν
219 2279 298 2358 AB,
321 2277 397 2339 ΒΓ·
421 2268 442 2359 ἡ
464 2270 530 2359 γὰρ
549 2279 615 2339 AB
638 2268 744 2360 ἄκρον
766 2269 823 2337 καὶ
845 2269 949 2355 μέσον
972 2269 1079 2356 λόγον
1101 2273 1150 2340 ιε’-

133 2399 263 2464 τμηται·
286 2375 324 2444 τὸ
349 2375 415 2464 ἅμα
437 2374 503 2445 ὑπὸ
526 2380 596 2445 τῶν
613 2385 691 2464 BA,
710 2381 780 2444 ΑΓ
797 2374 879 2461 μετὰ
902 2378 964 2443 τοῦ
982 2372 1047 2443 ὑττὲ.
1070 2383 1150 2463 AB,

79 2505 112 2552 ⁶20
132 2489 201 2551 ΒΓ
226 2482 467 2569 τετραπλάσιόν
499 2486 568 2552 ἐστι
599 2486 661 2551 τοῦ
694 2480 760 2550 ἀπὸ
786 2491 846 2568 τῆς
874 2491 948 2549 ΑΛ.
997 2480 1084 2550 ἀλλὰ
1112 2484 1150 2551 τὸ

131 2587 197 2658 ὑπὸ
225 2592 293 2658 τῶν
324 2596 401 2676 BA,
429 2596 500 2659 Ar
521 2588 603 2678 μετὰ
630 2592 693 2658 τοῦ
720 2587 785 2656 ὑπὸ
814 2591 883 2657 τῶν
911 2595 993 2673 AB,
1021 2595 1089 2657 ΒΓ
1110 2588 1155 2658 τὸ·

131 2695 200 2766 ἀπὸ.
224 2699 285 2783 τῆς
305 2704 372 2765 AB
401 2699 500 2767 ἐστιν.
544 2697 583 2766 τὸ
611 2695 678 2784 ἅμα
703 2692 769 2764 ἀπὸ
797 2698 857 2783 τῆς
879 2703 945 2763 AB
967 2695 1149 2783 τετραπλά-

131 2803 207 2872 σιόν
231 2805 300 2872 ἐστι
329 2813 392 2872 τοῦ
414 2801 479 2872 ἀπὸ
503 2812 580 2873 ΑΔ.
625 2808 694 2871 ἔστι
718 2802 770 2871 δέ·
799 2805 899 2888 διπλῆ
923 2799 988 2888 γάρ
1013 2799 1147 2889 ἐστινὴ

130 2917 197 2977 ΑΒ
220 2913 279 2998 τῆς
302 2920 334 2979 Α
340 2919 382 2981 Δ.

130 3040 344 3053 ...ὴ

202 3114 227 3162 2.
247 3128 273 3162 τι
291 3103 400 3178 ἀληθὲς
418 3102 658 3176 ὁμολογούμενον]
677 3102 709 3172 Ρ,
728 3099 779 3171 τὴν
798 3107 849 3158 τοῦ
868 3102 1042 3174 ζητονμὲνοο
1060 3102 1147 3161 κατά·

129 3180 208 3247 ληξιν
225 3176 290 3249 ἤτοι
307 3174 468 3246 κατάληψιν
486 3175 598 3245 BVbq.
690 3180 731 3229 10.
751 3171 796 3246 τό]
816 3174 867 3229 τοῦ
886 3174 925 3230 b.·
1019 3173 1096 3230 ἐστιν
1114 3174 1145 3230 Β.

220 3257 262 3306 12.
280 3251 341 3322 ΑΔ]
361 3249 433 3318 (alt.)
452 3265 522 3305 corr.
541 3264 575 3302 ex
592 3250 649 3300 ΑΓ
664 3264 701 3301 m.
722 3251 736 3299 1
755 3246 782 3301 b.
871 3250 912 3302 13.
933 3241 1009 3300 ἐστιν
1029 3245 1059 3301 Ρ.

129 3325 178 3389 τῆς
196 3327 246 3375 ΑΔ
263 3323 298 3378 V.
380 3327 422 3379 14.
441 3314 645 3387 τετραπλάσιόν
663 3317 720 3386 Vq.
795 3321 837 3371 15.
857 3317 925 3387 τῶν]
944 3333 998 3372 om.
1017 3315 1068 3386 bq.

131 3398 172 3446 16.
191 3390 237 3464 τό]
256 3393 305 3447 τοῦ
325 3391 352 3446 b.
437 3391 507 3462 τῶν]
527 3407 581 3445 om.
600 3403 628 3458 q.
717 3383 771 3458 γάρ
791 3384 867 3443 ἐστιν
886 3386 938 3455 bq.
1031 3394 1072 3443 17.
1092 3389 1144 3460 τῶ]

129 3480 198 3518 corr.
219 3481 252 3519 ex
270 3464 325 3517 τῶν
344 3461 465 3518 111.2Ρ.
555 3461 625 3532 ΑΓ]
647 3463 697 3513 ΓΑ
716 3477 743 3528 q.
826 3464 868 3513 19.
887 3458 950 3530 AB]
970 3459 1026 3514 τῶν
1045 3464 1095 3514 AB
1113 3444 1144 3514 P.

200 3540 244 3591 20.
262 3534 323 3605 τῆς]
342 3551 399 3588 om.
416 3532 450 3585 V.
523 3529 568 3603 τό]
587 3533 625 3585 τῶ
644 3549 670 3600 q.
753 3535 796 3586 22.
817 3524 888 3601 ιἰιιό]
906 3529 950 3584 bis
970 3547 997 3598 q.
1083 3531 1144 3603 τῆς]
