2468 3952
136 178 224 252 214'
467 132 473 144 ’
505 189 708 242 Σοοοοιιοιι
726 184 777 260 ιβ’.

133 329 194 416 μέν
219 331 288 397 ἐστι
310 327 348 396 τὸ
368 336 650 399 ΕΟΖΠΗΡΘΣ
665 330 876 417 πολύγωνον,
898 325 1032 417 κορυφὴ
1056 327 1097 397 δὲ
1115 354 1156 396 το

132 441 176 502 Ν.
212 433 298 503 ῶλλδι
319 437 376 503 κοιλ
399 441 551 504 ἔλαττον·
575 435 656 524 ὅπερ
676 437 768 505 ἐστὶν
787 435 965 505 ἀδύνατον.
1003 433 1067 502 ούκ
1085 433 1156 522 ἄρα

134 537 152 608 6
176 551 299 628 κῶνος,
329 533 371 609 ού
398 543 497 627 βάσις
524 541 542 612 6
567 550 699 611 ΑΒΓΔ
721 542 857 627 κύκλος,
885 540 1018 629 κορυφὴ
1047 540 1087 608 δὲ
1113 539 1153 609 τὸ

132 653 164 714 Α
188 652 373 735 [σημεῖον],
396 652 479 735 πρὸς
502 649 639 717 ἔλαττόν
661 676 693 717 ιι
715 653 777 718 τοῦ
800 650 914 718 κῶνον
933 649 1086 736 στερεόν,
1111 637 1155 715 οὗ

98 770 114 819 5
132 751 230 839 βάσις
253 754 315 842 μὲν
335 753 353 824 6
373 760 510 823 ΕΖΗΘ
526 757 657 840 κύκλος,
680 754 818 844 κορυφὴ.
834 755 872 823 δὲ
889 752 927 823 τὸ
946 761 986 822 Ν
1000 766 1154 840 σημεῖον,

131 866 351 944 τριπλασίονα
382 862 488 947 λόγον
521 867 587 949 ἔχει
618 861 702 950 ἥπερ
735 860 756 948 ἡ
784 869 848 928 ΒΔ
874 860 959 948 πρὸς
990 859 1051 946 τὴν
1080 867 1154 927 ΖΘ.

133 965 258 1052 ὁμοίως
281 966 324 1055 δὴ
350 969 512 1055 δείξομεν,
537 966 587 1036 ὅτι
611 966 692 1036 οὐδὲ
711 966 729 1036 6
750 975 926 1036 ΕΖΗΘΝ
940 971 1048 1045 κῶνος
1066 964 1155 1056 πρὸς

132 1074 270 1141 ἔλαττόν
297 1099 330 1141 τι
356 1077 418 1142 τοῦ
440 1080 608 1141 ΑΒΓΔΛ
630 1076 742 1156 κῶνον
770 1072 906 1160 στερεὸν
929 1078 1154 1163 τριπλασίονα

131 1178 235 1266 λόγον
258 1184 325 1268 ἔχει
347 1178 431 1268 ἥπερ
454 1207 475 1268 η
501 1186 563 1247 ΖΘ
585 1178 668 1268 πρὸς
689 1180 751 1267 τὴν
776 1188 848 1250 ΒΔ.

82 1299 115 1350 10
199 1287 297 1372 Λέγω
321 1286 376 1374 δή,
400 1285 451 1355 ὅτι
475 1287 556 1356 οὐδὲ
579 1285 782 1356 ὁΑΒΓΔΛ
804 1290 914 1365 κῶνος
935 1285 1019 1373 πρὸς
1038 1285 1153 1372 μεῖζόν

132 1417 165 1459 τι
182 1397 243 1459 τοῦ
258 1399 439 1461 ΕΖΗΘΝ
450 1393 563 1462 κῶνον
578 1392 714 1480 στερεὸν
728 1398 950 1482 τριπλασίονα
963 1391 1068 1478 λόγον
1085 1397 1153 1480 ἔχει

131 1495 216 1585 ἥπερ
238 1497 259 1583 ἡ
284 1504 348 1565 ΒΔ
370 1497 454 1584 πρὸς
475 1497 537 1585 τὴν
561 1506 631 1575 ΖΘ.

200 1608 245 1672 Ec
270 1606 335 1693 γὰρ
364 1603 528 1689 δυνατόν,
556 1606 655 1692 ἐχέτω
682 1603 766 1690 πρὸς
793 1611 904 1692 μεῖζον
927 1630 965 1672 το
991 1608 1026 1680 Ξ.
1069 1602 1153 1673 οἶνοί·

132 1717 234 1778 καλιν
260 1707 326 1799 ἄρα
355 1708 393 1778 τὸ
421 1713 452 1787 Ξ
476 1709 614 1798 στερεὸν
641 1710 726 1799 πρὸς
753 1710 813 1780 τὸν
843 1717 1010 1779 ΑΒΓΔΛ
1036 1713 1152 1785 κῶνον

83 1829 115 1880 15
133 1822 352 1903 τριπλασίονα
384 1815 488 1902 λόγον
520 1822 586 1905 ἔχει
617 1816 701 1904 ἥπερ
733 1815 754 1904 ἡ
783 1825 844 1885 ΖΘ
876 1816 961 1903 πρὸς
991 1815 1053 1903 τὴν
1077 1824 1152 1886 ΒΔ.

105 1920 178 2002 κῶς
201 1923 239 1991 δὲ
260 1920 299 1992 τὸ
317 1925 349 2000 Ξ
368 1921 504 2010 στερεὸν
527 1921 611 2010 πρὸς
633 1922 693 1991 τὸν
714 1929 879 1991 ΑΒΓΔΛ
896 1927 1019 2007 κῶνον,
1044 1923 1154 2003 οὕτως

132 2025 151 2097 6
170 2035 277 2098 ΕΖΗ
280 2036 352 2097 ΘΝ
370 2032 479 2109 κῶνος
502 2026 585 2116 πρὸς
609 2029 746 2098 ἔλαττόν
769 2056 801 2097 τι
823 2033 885 2097 τοῦ
904 2026 1071 2097 ΑΒΓΔΛ
1088 2029 1154 2098 κῶ-

132 2161 196 2203 νον
219 2134 366 2224 στερεόν.
410 2136 467 2203 καλ
490 2135 509 2204 6
533 2142 714 2203 ΕΖΗΘΝ
732 2134 798 2224 ἄρα
820 2139 929 2215 κῶνος
951 2133 1035 2224 ιιρδς
1058 2140 1152 2203 ἔλατ-

132 2239 193 2309 τόν
220 2267 252 2308 τι
279 2245 342 2308 τοῦ
365 2247 531 2309 ΑΒΓΔΛ
558 2241 672 2310 κῶνον
696 2241 832 2327 στερεὸν
854 2249 1075 2328 τριπλασίονα
1097 2243 1153 2310 λό-

80 2360 114 2410 20
133 2373 196 2433 γον
225 2352 290 2435 ἔχει
317 2345 402 2433 ἤπερ
430 2346 451 2433 ἡ
479 2355 541 2416 ΖΘ
567 2346 741 2434 κρδς·τὴν
768 2355 844 2416 ΒΔ·
873 2347 955 2434 ὅπερ
978 2346 1153 2417 ἆδύνοιτον

134 2456 280 2541 ἐδείχθη.
327 2450 390 2521 οὐκ
418 2451 484 2543 ἄρα
512 2453 530 2522 6
555 2459 720 2521 ΑΒΓΔΛ
745 2457 855 2534 κῶνος
877 2453 960 2543 πρὸς
983 2453 1096 2541 μεῖζόν
1119 2481 1153 2522 τι

133 2563 195 2627 τού
219 2566 399 2627 ΕΖΗΘΝ
417 2558 530 2628 κῶνον
553 2559 689 2647 στερεὸν
712 2565 933 2647 τριπλασίονα
955 2558 1060 2646 λόγον
1084 2565 1153 2646 ἔχει

133 2663 217 2753 ἥπερ
240 2663 262 2752 ἡ
281 2673 345 2732 ΒΔ
368 2664 451 2754 πρὸς
473 2665 536 2752 τὴν
555 2672 624 2734 ΖΘ.
661 2669 797 2754 ἐδείχθη
822 2668 869 2752 δέ,
895 2664 946 2734 ὅτι
969 2665 1050 2734 ούδλ
1067 2666 1154 2752 πρὸς

134 2777 280 2841 ἔλαττον.
331 2770 349 2839 6
374 2778 540 2840 ΑΒΓΔΛ
563 2770 628 2860 ἄρα
655 2777 763 2851 κῶνος
784 2772 868 2860 πρὸς
890 2770 950 2840 τὸν
973 2779 1159 2841 ΕΖΗΘΝ

81 2889 117 2940 25
134 2882 246 2948 κῶνον
265 2884 484 2968 τριπλασίονα
497 2877 601 2965 λόγον
616 2884 682 2966 ἔχει
696 2878 779 2966 ἥπερ
794 2879 815 2965 ἡ
830 2886 894 2947 ΒΔ
908 2878 991 2966 πρὸς
1003 2882 1066 2965 τὴν
1081 2887 1153 2948 ΖΘ.

196 2984 255 3064 Ὡς
278 2984 316 3052 δὲ
340 2984 358 3053 6
381 2988 490 3066 κῶνος
507 2984 591 3073 πρὸς
608 2984 669 3053 τὸν
688 2990 812 3071 κῶνον,
837 2983 1050 3073 ὁκύλινδρος
1067 2985 1154 3072 πρὸς

133 3091 195 3160 τὸν
223 3090 421 3179 κύλινδρον·
448 3091 642 3179 τριπλάσιος
668 3091 734 3178 γὰρ
759 3089 777 3159 6
801 3091 981 3179 κύλινδρος
1003 3094 1064 3159 τοῦ
1087 3091 1154 3160 κῶ-

134 3224 199 3267 νον
231 3198 250 3266 6
279 3198 331 3266 ίκὶ
358 3201 417 3285 τῆς
443 3195 547 3285 αὐτῆς
573 3196 702 3283 βάσεως
728 3201 774 3290 τῶ
801 3197 900 3290 κῶνρο
927 3198 984 3265 καὶ
1008 3197 1154 3285 ίσούψὴς

209 3439 377 3500 ΙέστινΡ.
454 3445 516 3517 Z]
507 3464 559 3501 ms.
564 3465 616 3574 g,m
637 3445 700 3502 1Ρ.
783 3440 999 3500 2.ἐλολττωνΒ.
1078 3441 1151 3518 ὅπερ

85 3509 244 3573 ἄτοκον
262 3514 297 3570 V.
352 3512 548 3590 3.βύοιςμέν,
532 3513 639 3574 νέοτιν
660 3513 676 3571 6
694 3517 792 3574 Theon
811 3517 919 3588 (BVq).
975 3522 1102 3588 4σημει
1094 3519 1151 3591 ον]
