2468 3952
381 231 654 284 unaucuroaun
672 231 782 281 amaa
799 230 845 283 xi.
1101 227 1122 289 5

175 378 203 441 7.
232 375 371 440 Planum
395 375 593 459 adplenum
617 374 767 437 similiter
789 372 982 438 inclinatum
1006 372 1122 436 dicitur

105 486 205 567 atque
225 481 313 545 aliud
331 481 464 565 planum
485 481 525 545 ad
544 480 642 562 aliud,
660 479 717 544 ubi
736 479 848 563 anguli
866 479 1124 560 inclinationum,

105 611 187 674 quos
212 587 425 671 definiamus,
449 588 600 672 aequales
624 589 700 650 sunt
722 585 807 649 inter
832 607 875 650 se.

175 696 204 760 8.
232 693 398 758 Parallela
420 693 520 778 plana
544 697 633 775 sunt,
656 713 739 775 quae
763 713 828 755 non
852 695 1053 757 concurrunt.

176 801 206 865 9.
234 799 363 865 Similes
390 801 514 884 figurae
539 798 659 864 solidae
684 801 771 880 sunt,
800 819 882 880 quae
905 798 1012 882 planis
1037 796 1125 860 simi·

109 907 196 970 libus
220 907 427 971 continentur
449 925 584 968 numero
609 903 808 988 aequalibus.

178 1013 228 1076 10.
251 1011 413 1094 Aequales
433 1016 540 1075 autem
564 1015 597 1075 et
616 1010 738 1074 similes
757 1009 880 1094 figurae
901 1009 1023 1074 solidae
1042 1011 1126 1090 sunt,

109 1140 194 1202 quae
213 1118 319 1202 planis
339 1117 501 1182 similibus
521 1117 727 1181 continentur
747 1120 779 1180 et
797 1138 933 1181 numero
954 1120 986 1180 et
1000 1117 1125 1201 magni-

107 1224 221 1289 tudine
246 1223 443 1309 aequalibus.
772 1285 776 1290 .

180 1331 229 1395 11.
267 1329 395 1395 Solidus
429 1330 567 1414 angulus
601 1333 651 1392 est
684 1331 823 1413 amplius
861 1352 958 1414 quam
990 1330 1125 1394 duarum

110 1439 272 1501 rectarum
296 1437 381 1500 inter
401 1459 435 1500 se
458 1436 664 1520 tangentium
687 1457 746 1500 nec
769 1437 804 1500 in
828 1437 940 1500 eadem
960 1437 1127 1520 superficie

108 1544 290 1627 positarum
315 1542 354 1606 ad
379 1564 490 1606 omnes
509 1546 613 1606 rectas
637 1541 847 1629 inclinatio.¹)
896 1542 1009 1608 Aliter.
1046 1540 1126 1607 Soli-

111 1650 171 1713 dus
200 1649 339 1734 angulus
369 1652 433 1725 est,
466 1648 522 1731 qui
550 1647 690 1731 amplius
719 1670 816 1732 quam
844 1649 970 1713 duobus
999 1649 1127 1733 angulis

109 1755 218 1839 planis
246 1754 430 1818 continetur
457 1775 524 1817 non
550 1754 585 1817 in
613 1754 726 1817 eodem
754 1754 853 1837 plano
881 1756 997 1837 positis
1027 1760 1059 1820 et
1087 1755 1129 1821 ad

109 1883 210 1924 unum
235 1865 389 1944 punctum
412 1859 600 1924 coniunctis.

181 1969 232 2032 12.
255 1966 404 2052 Pyramis
428 1970 478 2031 est
500 1966 607 2050 figura
626 1965 731 2029 solida
753 1965 861 2048 planis
886 1966 1129 2052 comprehensa,

111 2096 194 2158 quac
218 2074 259 2138 ab
283 2094 349 2137 uno
371 2073 469 2156 plano
494 2071 534 2135 ad
557 2093 656 2134 unum
679 2075 836 2155 punctum
859 2073 1074 2157 componitur.

181 2180 231 2244 13.
266 2178 394 2244 Prisma
422 2182 472 2242 est
499 2177 604 2261 figura
629 2176 733 2240 solida
756 2176 863 2261 planis
887 2179 1128 2264 comprehensa,

111 2307 249 2370 quorum
273 2285 336 2349 duo
360 2283 512 2367 opposita
536 2287 568 2346 et
592 2283 740 2365 aequalia
764 2287 796 2347 ct
820 2283 941 2349 similia
965 2290 1052 2370 sunt,
1080 2309 1127 2350 re-

110 2392 202 2477 lique
226 2394 334 2455 autem
357 2389 674 2474 parallelogramma.

181 2498 231 2562 14.
260 2495 405 2580 Sphaera
423 2499 474 2560 est
495 2495 602 2581 figura
625 2495 871 2579 comprehensa,
898 2497 956 2561 ubi
979 2503 1129 2563 manente

112 2604 272 2668 diametro
301 2602 495 2667 semicirculi
523 2600 742 2665 semicirculus
774 2601 987 2667 circumactus
1016 2627 1128 2670 rursus

112 2709 154 2774 ad
184 2708 319 2772 eundem
346 2708 453 2773 locum
476 2708 673 2790 restituitur,
707 2707 791 2772 unde
814 2707 891 2773 ferri
915 2715 1048 2793 coeptus
1072 2717 1131 2776 est.

182 2814 232 2879 15.
256 2814 336 2878 Axis
360 2819 470 2879 autem
489 2814 647 2897 sphaerae
667 2818 716 2878 est
734 2817 824 2878 recta
842 2837 985 2900 manens,
1008 2818 1130 2883 circum

115 2943 213 3005 quam
238 2921 458 2986 semicirculus
483 2921 721 3005 circumagitur.

184 3027 234 3091 16.
258 3025 410 3092 Centrum
427 3031 534 3092 autem
550 3028 708 3112 sphaerae
722 3027 809 3092 idem
820 3033 870 3093 est
880 3051 917 3093 ac
928 3029 1131 3097 semicirculi.

187 3157 214 3224 1)
237 3155 313 3210 Haec
336 3156 474 3226 definitio,
502 3173 574 3226 qnae
596 3157 731 3226 loquendi
754 3174 856 3226 genere
880 3159 916 3213 ab
938 3145 1056 3214 Euclide
1080 3161 1130 3218 ab-

112 3225 218 3293 horret,
238 3227 356 3281 fortasse
375 3244 409 3280 ex
423 3225 576 3282 Elementis
595 3227 800 3295 antiquioribus
816 3229 852 3283 ab
867 3246 900 3285 eo
915 3229 1064 3300 desumpta
1078 3234 1129 3288 est.

114 3342 229 3396 PFVb.
304 3347 346 3396 13.
371 3338 535 3397 ἐπιπέδων”
555 3338 677 3411 γωνιῶν’
698 3343 729 3410 F,
749 3339 892 3398 ἐπιπέδων
911 3351 1020 3414 γωνιῶν
1039 3348 1070 3401 Β.

116 3420 159 3467 15.
173 3411 247 3466 Ante
267 3407 313 3467 ἑνί
328 3414 382 3467 del.
402 3433 434 3469 εν
448 3413 478 3467 F.
536 3420 576 3467 17.
596 3410 729 3476 συνεστός
743 3415 802 3480 Bb3
821 3415 887 3469 inP
905 3434 961 3472 non
980 3418 1076 3486 liquet.

116 3489 158 3537 18.
180 3481 255 3538 ἐστίν
274 3483 330 3536 PF.
397 3491 437 3540 19.
458 3475 510 3554 ὧν]
531 3501 582 3539 om.
605 3505 635 3554 φ.
700 3490 742 3539 20.
763 3482 838 3540 ἐστιν
857 3485 886 3542 P.
955 3484 1130 3558 11τὸὴμι-

113 3552 242 3626 κύκλιον]
262 3572 317 3623 mg.
338 3573 375 3612 m.
396 3562 409 3608 1
429 3556 456 3610 b.
529 3561 571 3610 26.
592 3551 666 3610 ἐστίν
685 3557 716 3612 F.
