2468 3952
139 187 207 252 200
514 184 785 263 Συοωωτωτιμ.

140 328 357 417 ἀποτμήματα
388 339 449 397 τοῦ
480 328 609 415 κῶνου,
646 325 667 395 δ
700 333 791 397 ἔσται
824 328 990 397 ἐλάσσονα
1022 334 1083 396 τοῦ
1121 339 1160 397 Ψ

140 438 286 523 στερεοῦ.
344 441 526 522 λελείφθω,
562 435 618 502 καὶ
655 440 738 503 ἔστω
774 432 815 504 τὰ
853 436 906 502 ἐπὶ
937 440 1006 502 τῶν
1039 442 1155 523 ΘΟΕ,

139 549 257 627 ΕΠΖ,
282 548 394 628 ΖΡΗ,
421 549 536 610 ΗΣΘ·
559 541 658 628 λοιπὴ
683 540 749 628 ἄρα
771 539 792 628 ἡ
812 548 971 631 πυραμίς,
995 533 1035 627 ἧς
1058 542 1158 628 βάσις

138 645 176 715 τὸ
201 653 482 715 ΘΟΕΠΖΡΗΣ
509 648 724 734 πολύγωνον,
757 648 844 728 ὕψος
872 648 909 715 δὲ
938 648 976 716 τὸ
1001 646 1084 716 αὐτὸ
1108 654 1154 740 τῷ

103 752 256 846 οκῶνμ,
285 759 404 840 μείζων
433 754 501 822 ἐστὶ
528 757 590 822 τοῦ
612 756 642 832 Ξ
663 758 808 843 στερεοῦ.
853 753 1074 841 ἐγγεγράφθω
1098 757 1156 822 καὶ

138 864 186 939 είς
221 858 283 928 τὸν
319 865 453 929 ΑΒΓΔ
488 860 614 929 κύκλον
652 865 698 953 τῶ
736 866 1022 929 ΘΟΕΠΖΡΗΣ
1056 869 1155 929 πολυ-

137 966 236 1057 γῶνω
265 965 385 1053 ὅμοιόν
412 992 447 1033 τε
469 966 524 1034 καὶ
552 964 676 1053 ὁμοίως
704 971 859 1053 κείμενον
887 966 1087 1053 πολύγωνον
1115 967 1153 1035 τὸ

138 1077 429 1156 ΔΤΑΥΒΦΓΧ,
469 1072 525 1139 καὶ
561 1070 731 1141 ἀνεστάτω
769 1071 819 1140 ἐπ’
863 1070 968 1140 αὐτοῦ
1009 1073 1158 1161 πυραμὶς

137 1178 281 1265 ἰσοϋψὴς
308 1182 353 1271 τῷ
382 1186 450 1246 ΑΛ
479 1178 585 1270 κῶνω.
639 1179 709 1246 ἐπεὶ
739 1171 803 1246 ούν
831 1182 922 1247 ἐστιν
950 1176 994 1258 ῶς
1021 1178 1058 1248 τὸ
1088 1177 1152 1248 ἀπὸ

85 1303 119 1353 10
137 1291 197 1372 τῆς
210 1292 282 1354 ΑΓ
295 1284 378 1373 πρὸς
395 1284 433 1355 τὸ
449 1283 514 1354 ἀπὸ
528 1288 587 1372 τῆς
602 1292 675 1353 ΕΗ
676 1336 685 1371 ,
706 1282 813 1365 οὕτως
825 1289 863 1354 τὸ
880 1293 1159 1354 ΔΤΑΥΒΦΓΧ

136 1393 337 1479 πολύγωνον
360 1391 443 1481 πρδς
460 1391 499 1461 τὸ
518 1399 803 1460 ΘΟΕΠΖΡΗΣ
817 1393 1028 1477 πολύγωνον,
1052 1390 1097 1473 ῶς
1117 1393 1155 1460 δὲ

135 1497 174 1568 τὸ
213 1495 277 1566 ἀπὸ
309 1498 368 1585 τῆς
399 1505 469 1567 ΑΓ
496 1496 579 1588 πρὸς
610 1497 648 1566 τὸ
682 1495 747 1566 ἀπὸ
779 1503 839 1584 τῆς
872 1506 956 1584 ΕΗ,
994 1497 1102 1579 οὕτως
1135 1496 1153 1567 6

40 1638 43 1644 ·
135 1611 271 1672 ΑΒΓΔ
291 1603 413 1685 κύκλος
434 1604 518 1693 πρὸς
540 1603 601 1673 τὸν
620 1611 756 1672 ΕΖΗΘ
777 1603 919 1689 κύκλον,
940 1604 996 1671 καὶ
1020 1602 1065 1684 ῶς
1088 1603 1154 1691 ἄρα

75 1719 80 1731 ’
137 1708 155 1779 6
180 1717 313 1779 ΑΒΓΔ
334 1710 457 1790 κύκλος
479 1710 563 1796 πρὸς
585 1710 645 1779 τὸν
665 1717 801 1778 ΕΖΗΘ
822 1709 959 1795 κύκλον,
984 1711 1091 1789 οὕτως
1113 1710 1154 1778 τὸ

83 1834 117 1884 15
137 1823 417 1887 ΔΤΑΥΒΦΓΧ
448 1816 650 1903 πολύγωνον
687 1816 771 1905 πρὸς
806 1817 842 1884 τὸ
875 1823 1158 1885 ΘΟΕΠΖΡΗΣ

135 1923 346 2011 πολύγωνον.
383 1920 428 2002 ῶς
451 1922 489 1991 δὲ
507 1921 675 1992 ὁΑΒΓΔ
697 1925 818 2002 κύκλος
835 1921 920 2010 πρὸς
937 1920 997 1990 τδν
1016 1930 1156 1991 ΕΖΗΘ

135 2031 276 2117 κύκλον,
306 2031 412 2111 οὕτως
439 2028 457 2098 6
481 2037 550 2098 AA
576 2034 685 2110 κῶνος
707 2027 792 2116 πρὸς
814 2027 853 2096 τὸ
877 2031 907 2106 Ξ
928 2029 1080 2117 στερεόν,
1109 2029 1154 2110 ῶς

136 2137 174 2206 δὲ
195 2163 233 2206 το
253 2143 504 2206 ΔΤΑΥΒΦΓΧ
524 2135 726 2223 πολύγωνον
748 2133 831 2224 πρὸς
849 2132 887 2203 τὸ
905 2142 1175 2204 ΘΟΕΠΖΡΗΣ·

134 2243 350 2329 πολύγωνον,
392 2245 498 2323 οὕτως
538 2240 559 2329 ἡ
601 2247 760 2330 πυραμίς,
801 2233 840 2328 ἧς
876 2241 975 2326 βάσις
1011 2242 1072 2329 μὲν
1113 2241 1153 2310 τὸ

82 2367 117 2417 20
137 2354 417 2417 ΔΤΑΥΒΦΓΧ
436 2347 647 2434 πολύγωνον,
670 2346 802 2437 κορυφὴ
828 2346 866 2415 δὲ
888 2347 926 2415 τὸ
946 2355 978 2416 A
1001 2362 1152 2435 σημεῖον,

134 2453 217 2544 πρὸς
239 2452 302 2541 τὴν
324 2458 509 2542 πυραμίδα,
536 2446 576 2540 ἧς
603 2452 700 2540 βάσις
726 2452 789 2540 μὲν
811 2453 848 2522 τὸ
874 2460 1157 2521 ΘΟΕΠΖΡΗΣ

134 2561 345 2648 πολύγωνον,
368 2558 501 2648 κορυφὴ
526 2558 563 2627 δὲ
585 2559 623 2628 τὸ
647 2567 687 2628 Ν
706 2573 854 2647 σημεῖον.
895 2561 951 2629 καὶ
975 2558 1019 2640 ῶς
1042 2560 1108 2648 ἄρα
1132 2558 1152 2628 6

133 2674 198 2735 ΑΛ
221 2671 330 2747 κῶνος
351 2665 436 2756 πρὸς
457 2664 495 2734 τὸ
520 2668 551 2741 Ξ
571 2668 723 2755 στερεόν,
752 2668 857 2747 οὕτως
880 2665 901 2753 ἡ
924 2672 1085 2755 πυραμίς,
1113 2659 1155 2753 ἧς

133 2773 232 2860 βύσις
259 2773 322 2860 μὲν
348 2771 385 2841 τὸ
411 2781 445 2842 Δ
453 2779 511 2840 ΤΑ
520 2780 579 2840 ΥΒ
588 2779 692 2841 ΦΓΧ
714 2775 929 2860 πολύγωνον,
956 2773 1089 2862 κορυφὴ
1114 2773 1153 2841 δὲ

80 2898 114 2948 25
133 2883 171 2948 τὸ
196 2886 228 2947 A
251 2893 406 2966 σημεῖον,
432 2878 518 2968 πρὸς
543 2877 607 2965 τὴν
628 2885 815 2968 πυραμίδα,
843 2871 884 2965 ἧς
906 2878 1004 2965 βάσις
1028 2880 1089 2967 μὲν
1112 2879 1151 2948 τὸ

133 2992 415 3054 ΘΟΕΠΖΡΗΣ
436 2984 647 3072 πολύγωνον,
670 2985 804 3075 κορυφὴ
828 2985 866 3054 δὲ
886 2985 923 3054 τὸ
943 2993 983 3053 Ν
997 3001 1154 3073 σημεῖον·

134 3092 274 3175 ἐναλλὰξ
298 3093 364 3179 ἄρα
387 3092 478 3161 ἐστὶν
501 3089 590 3172 ῶςὸ
608 3099 678 3159 ΑΛ
696 3096 804 3172 κῶνος
821 3091 905 3181 πρὸς
922 3091 986 3179 τὴν
1004 3095 1041 3161 ἐν
1060 3091 1152 3184 αύτῷ

133 3204 320 3288 πυραμίδα,
349 3199 455 3280 οὕτως
482 3197 520 3267 τὸ
544 3201 575 3276 Ξ
595 3197 732 3287 στερεὸν
759 3196 842 3288 πρὸς
863 3197 927 3286 τὴν
951 3200 1057 3292 ἐντῷ
1082 3205 1156 3265 ΕΝ

206 3383 230 3430 1.
250 3374 341 3448 ἔσται]
362 3373 438 3432 ἐστιν
457 3377 488 3432 Ρ.
566 3383 590 3432 2.
611 3376 710 3448 ΘΟΕ]
730 3393 745 3430 ο
765 3394 834 3433 corr.
855 3392 880 3446 q.
961 3382 985 3430 3.
1000 3372 1100 3431 λοιπόν
1120 3374 1151 3431 Ρ.

204 3454 229 3504 4.
250 3449 458 3503 ΟΘΕΠΖΡΗΣ
475 3447 538 3514 ΡΒ,
559 3450 796 3504 ΟΕΠΖΡΗΣΘ
814 3447 848 3505 V.
931 3451 956 3501 6.
976 3449 1072 3517 μεῖζον
1091 3446 1152 3515 Vq,

133 3519 163 3574 et
181 3517 213 3587 B,
231 3518 279 3574 sed
298 3535 368 3574 corr.
424 3513 500 3573 ἐστίν
514 3518 544 3574 Ρ.
607 3525 631 3574 6.
653 3521 892 3574 ΟΘΕΠΖΡΗΣ
907 3519 983 3588 PBq
1002 3520 1031 3574 et
1049 3534 1150 3573 ecorr.
