2468 3952
130 197 197 261 408
525 199 708 250 APPENDIX
726 199 762 252 11.

131 339 196 426 μὲν
218 343 362 426 ἔχουσαν
385 339 423 407 τὸ
449 341 731 416 ΕΞΖΟΗΠΘΡ
750 337 967 423 πολύγωνον,
995 336 1153 426 κορυφὴν

132 445 169 512 δὲ
192 444 230 512 τὸ
246 452 281 512 Ν
303 459 450 531 σημεῖον.
489 444 628 526 ἐναλλάξ
652 444 717 530 ἄρα
737 447 838 529 ἐστίν,
862 440 907 523 ῶς
926 440 944 510 ὁ
960 450 1153 512 ΑΒΓΔΚΛ

130 562 240 631 κῶνος
262 549 346 638 πρὸς
368 549 431 636 τὴν
454 554 626 637 πυραμίδα
648 547 709 636 τὴν
732 548 833 635 βάσιν
857 549 919 635 μὲν
942 554 1090 636 ἔχουσαν
1113 549 1148 618 τὸ

131 667 163 725 A
169 665 234 724 ΣΒ
242 663 308 724 ΓΠ
318 664 421 725 m
443 659 652 742 πολύγωνον,
675 653 809 742 κορυφὴ
834 655 871 723 δὲ
889 654 928 723 τὸ
948 663 980 722 A
998 672 1149 743 σημεῖον,

133 762 239 843 οὕτως
265 762 303 831 τὸ
332 771 364 829 A
392 761 529 849 στερεὸν
557 760 641 848 πρδς
666 761 729 848 τὴν
757 764 930 848 πυραμίδα
955 760 1020 848 τὴν
1049 762 1150 849 βάσιν

132 869 192 956 μὲν
217 874 360 956 ἔχουσαν
383 865 421 934 τὸ
446 871 727 943 ΕΞΖΟΗΠΘΡ
750 866 966 953 πολύγωνον,
994 867 1150 957 κορυφὴν

133 975 170 1043 δὲ
193 973 230 1042 τὸ
250 981 289 1042 Ν
308 987 456 1060 σημεῖον.
494 979 614 1059 μείζων
637 972 680 1059 δὴ
705 971 943 1041 ὁΑΒΓΔΚΛ
965 978 1077 1053 κῶνος
1093 979 1151 1061 τῆς

131 1083 321 1168 πυραμίδος
352 1082 410 1165 τῆς
442 1078 543 1163 βάσιν
575 1078 637 1164 μὲν
664 1079 804 1165 ἐχούσης
825 1077 864 1147 τὸ
894 1086 1150 1149 ΑΣΒΠΥΦΔ

131 1187 347 1273 πολύγωνον,
375 1183 531 1271 κορυφὴν
560 1184 597 1252 δὲ
624 1184 662 1251 τὸ
688 1191 718 1251 A
745 1198 893 1271 σημεῖον.
943 1193 1058 1271 μεῖζον
1084 1186 1149 1274 ἄρα

131 1294 187 1360 καὶ
210 1291 248 1360 τὸ
267 1300 299 1359 A
323 1288 458 1378 στερεὸν
482 1293 541 1376 τῆς
562 1295 751 1378 πυραμίδος
772 1295 831 1377 τῆς
853 1288 953 1376 βάσιν
971 1292 1036 1379 μὲν
1055 1293 1146 1382 ἐχού·

132 1418 193 1484 σης
215 1400 252 1466 τὸ
278 1401 555 1474 ΕΞΖΟΗΠΘΡ
574 1394 785 1483 πολύγωνον,
813 1398 969 1485 κορυφὴν
992 1398 1030 1467 δὲ
1054 1401 1092 1468 τὸ
1116 1407 1153 1467 Ν

133 1517 281 1591 σημεῖον.
326 1501 411 1571 ἄλλά
439 1503 495 1570 καὶ
519 1502 677 1571 ἐλάττων·
703 1494 788 1592 ’ὅπερ
817 1501 951 1572 ἄτοπον.
999 1503 1062 1573 ούκ
1085 1505 1150 1594 άρα

133 1607 151 1678 ὁ
175 1615 379 1679 ΑΒΓΔΚΛ
400 1614 509 1689 κῶνος
532 1609 615 1697 πρὸς
638 1609 776 1678 ἔλαττόν
799 1634 831 1676 τι
849 1614 910 1677 τού
929 1617 1154 1680 ΕΖΗΘΜΝ

132 1717 245 1785 κῶνον
264 1716 400 1803 στερεὸν
419 1721 638 1802 τριπλασίονα
656 1717 760 1802 λόγον
774 1720 839 1802 ἔχει
852 1714 939 1802 ἤπερ
953 1714 973 1803 ἡ
989 1725 1055 1784 BA
1068 1718 1152 1807 πρὸς

133 1823 194 1910 τὴν
214 1830 282 1891 ΖΘ.
320 1823 404 1908 λέγω
429 1821 489 1907 δή,
513 1819 564 1889 ὅτι
589 1819 669 1889 οὐδὲ
691 1820 776 1909 πρὸς
798 1828 920 1908 μεῖζον.
957 1827 988 1891 εἰ
1005 1824 1071 1913 γὰρ
1095 1829 1151 1892 δυ-

132 1929 248 2014 νατόν,
271 1934 354 1997 ἔστω
378 1926 462 2016 πρὸς
484 1925 522 1996 τὸ
546 1936 586 1995 Α.
624 1925 792 1997 ἀνάπαλιν
815 1926 882 2018 άρα
903 1927 941 1998 τὸ
957 1939 990 1997 Α
1012 1930 1149 2018 στερεὸν

131 2038 215 2124 πρὸς
242 2034 301 2103 τὸν
329 2040 533 2102 ΑΒΓΛΚΛ
561 2045 674 2103 κῶνον
701 2041 921 2121 τριπλασίονα
948 2035 1053 2123 λόγον
1086 2043 1151 2125 ἔχει

131 2141 214 2228 ἥπερ
239 2139 259 2228 ἡ
280 2149 340 2209 ΖΘ
362 2138 446 2228 πρὸς
469 2140 533 2226 τὴν
553 2149 631 2209 AB.
672 2139 717 2220 ῶς
741 2141 779 2209 δὲ
801 2141 839 2210 τὸ
858 2150 891 2210 A
914 2143 1051 2229 στερεὸν
1069 2143 1152 2232 πρὸς

130 2248 192 2316 τὸν
220 2253 423 2316 ΑΒΓΛΚΛ
450 2251 573 2332 κῶνον,
602 2244 709 2326 οὕτως
736 2244 755 2315 ὁ
784 2255 1017 2317 BZHMMN
1043 2254 1152 2329 κῶνος

129 2353 214 2440 πρὸς
242 2353 381 2421 ἔλαττόν
406 2378 438 2421 τι
466 2364 528 2422 τοῦ
556 2360 764 2422 ΑΒΓΔΚΛ
790 2356 904 2423 κῶνον
934 2355 1081 2442 στερεόν.
1133 2351 1151 2422 ὁ

132 2464 356 2526 ΕΖΗΘΜΝ
370 2456 435 2544 άρα
454 2469 564 2538 κῶνος
582 2459 666 2546 πρὸς
684 2460 822 2529 ἔλαττόν
840 2487 872 2529 τι
885 2465 947 2529 τού
961 2467 1151 2529 ΑΒΓΔΚΛ

129 2563 244 2632 κώνου
276 2563 412 2651 στερεὸν
447 2572 668 2651 τριπλασίονα
699 2566 802 2652 λόγον
835 2573 901 2654 ἔχει
932 2567 1016 2656 ἤπερ
1045 2566 1067 2655 ἡ
1092 2575 1152 2636 ΖΘ

130 2668 214 2758 πρὸς
239 2668 303 2757 τὴν
331 2677 409 2738 BA·
443 2669 523 2760 ὅπερ
557 2669 729 2740 άδύνατον
762 2675 936 2742 δέδεικται.
991 2671 1054 2742 οὐκ
1087 2673 1152 2762 ἄρα

131 2774 148 2860 ὁ
174 2782 381 2845 ΑΒΓΔΚΛ
408 2781 517 2857 κῶνος
543 2781 628 2866 πρὸς
656 2779 769 2865 μεῖζόν
791 2807 824 2847 τι
847 2785 908 2848 τοῦ
931 2786 1156 2848 ΕΖΗΘΜΝ

130 2882 244 2951 κῶνον
277 2882 413 2969 στερεὸν
443 2889 663 2971 τριπλασίονα
696 2885 799 2972 λόγον
827 2892 893 2973 ἔχει
920 2884 1004 2974 ἥπερ
1033 2883 1054 2973 ἡ
1083 2894 1151 2954 BA

130 2987 215 3077 πρὸς
237 2986 299 3074 τὴν
319 2996 390 3057 ΖΘ.
431 2992 567 3076 ἐδείχθη
591 2992 645 3076 δέ,
670 2989 722 3059 ὅτι
746 2989 827 3059 οὐδὲ
849 2990 933 3079 πρὸς
956 2993 1094 3062 ἔλαττόν
1113 3020 1152 3061 τι.

129 3093 379 3164 ὁΑΒΓΔΚΛ
402 3095 468 3184 άρα
491 3101 601 3176 κῶνος
618 3097 702 3184 πρὸς
720 3125 781 3166 τον
801 3105 1026 3168 ΕΖΗΘΜΝ
1040 3106 1155 3169 κῶνον

131 3206 350 3288 τριπλασίονα
373 3201 477 3288 λόγον
501 3207 567 3289 ἔχει
590 3201 672 3290 ἥπερ
696 3202 716 3290 ἡ
741 3213 809 3272 BA
831 3203 913 3292 πρὸς
936 3205 998 3293 τὴν
1024 3214 1092 3277 ΖΘ.

80 3441 111 3488 11
204 3417 247 3481 Οἱ
273 3410 338 3482 ὑπὸ
367 3413 404 3483 τὸ
435 3411 516 3483 αὐτὸ
541 3416 628 3497 ύψος
652 3416 746 3496 ὅντες
773 3428 877 3486 κῶνοι
900 3418 955 3486 καὶ
978 3416 1157 3504 κύλινδροι

133 3523 218 3607 πρὸς
240 3519 406 3606 ἀλλήλους
430 3522 517 3588 εἰσὶν
541 3513 590 3590 ῶν
614 3527 652 3590 αλ
672 3523 796 3609 βάσεις.
