2468 3952
361 227 638 280 mananrcauu
655 228 766 281 urana
783 229 845 281 ΧΠ.
1040 225 1107 291 205

158 369 249 456 Ergo
273 370 347 436 coni
370 374 403 434 ct
425 369 571 454 cylindri,
594 370 648 454 qui
669 371 804 435 eandem
822 371 945 436 habent
964 371 1108 437 altitudi-

10 487 13 493 '
92 499 178 562 nem,
201 498 273 540 eam
291 476 378 541 inter
398 497 431 539 sc
450 477 611 541 rationem
630 476 752 541 habent
771 499 867 560 quam
886 477 996 562 bases3
1021 479 1106 563 quod

92 587 163 648 crat
185 582 477 648 demonstrandum.

563 722 636 788 XII.

161 848 291 914 Similes
315 846 388 913 coni
411 851 444 911 ct
467 847 605 930 cylindri
627 847 712 912 inter
736 870 770 912 se
789 849 990 932 triplicatam
1008 851 1108 913 rat'o·

94 958 178 1021 nem'
191 955 314 1020 habent
338 976 436 1038 quam
459 953 610 1018 diametri
633 954 769 1019 basium.
1026 1031 1029 1036 Ι

159 1059 232 1125 Sint
259 1060 380 1125 similes
409 1060 481 1125 coni
509 1064 542 1124 et
574 1059 722 1144 cylindri,
755 1084 892 1146 quorum
918 1061 1013 1126 bases
1042 1061 1108 1126 sint

92 1167 207 1234 circuli
229 1169 376 1250 ΑΒΓΔ,
399 1168 549 1251 ΕΖΗΘ,
572 1165 723 1230 diametri
747 1171 856 1231 autem
879 1167 1007 1232 basium
1030 1170 1108 1251 BA,

92 1278 168 1358 zo,
192 1295 268 1338 axes
292 1276 401 1337 autem
429 1293 583 1337 concrum
612 1275 645 1336 et
673 1271 889 1355 cylindrorum
912 1277 990 1359 ΚΑ,
1020 1278 1109 1340 ΜΝ.

92 1379 178 1464 dico,
205 1401 335 1463 conum,
363 1378 453 1443 cuius
481 1378 570 1443 basis
594 1378 637 1442 sit
659 1378 798 1442 circulus
822 1382 970 1466 ABFA,
997 1383 1109 1445 uertex

93 1489 204 1551 autem
222 1488 254 1550 Λ
276 1489 441 1570 punctum,
465 1484 505 1549 ad
529 1507 656 1569 conum,
680 1485 769 1549 cuius
792 1485 880 1550 basis
905 1486 948 1550 sit
970 1487 1108 1552 circulus

93 1596 243 1672 ΕΖΗΘ,
266 1594 379 1657 uertex
402 1594 511 1656 autem
533 1593 574 1654 N
591 1595 761 1675 punctum,
788 1591 985 1676 triplicatam
1009 1594 1108 1658 ratio-

92 1721 168 1764 nem
191 1699 313 1764 habere
337 1719 435 1782 quam
457 1700 620 1764 ΒΔεΖΘ.

160 1827 236 1870 nam
261 1804 374 1869 sinon
392 1807 443 1869 cst
461 1806 892 1869 ABFAMZHoN=
906 1801 1109 1883 BA³zzo³,
1145 1827 1148 1833 ·

92 1933 193 1977 conus
217 1914 383 1976 ΑΒΓΔΛ
411 1914 467 1976 aut
495 1911 536 1975 ad
564 1909 703 1974 solidum
732 1910 864 1995 aliquod
890 1911 998 1975 minus
1026 1931 1108 1975 cono

93 2021 277 2087 ΕΖΗΘΝ
295 2018 496 2102 triplicatam
511 2016 680 2081 'rationem
702 2015 839 2079 habebit
860 2020 916 2080 aut
935 2015 976 2081 ad
994 2016 1109 2082 maius.

584 2154 608 2203 p
681 2123 772 2206 prius
794 2122 914 2187 habeat
937 2122 978 2188 ad
1001 2124 1108 2188 minus

681 2227 721 2312 Ξ,
742 2229 823 2293 etin
838 2228 958 2294 circulo
974 2233 1111 2294 ΕΖΗΘ
1160 2274 1163 2280 -

609 2391 617 2431 ι,
680 2335 878 2400 inscribatur
915 2336 1109 2420 quadratum

682 2445 818 2506 ΕΖΗΘ
833 2441 903 2526 HV,
918 2443 963 2523 6].
999 2444 1110 2528 itaque

641 2587 661 2634 Ζ
682 2546 876 2630 quadratum
891 2551 1026 2613 ΕΖΗΘ
1042 2571 1109 2612 ma·

680 2653 732 2716 ius
761 2657 811 2718 ost
838 2653 972 2719 dimidio
997 2655 1110 2720 circuli

515 2805 587 2865 s
682 2763 818 2825 ΕΖΗΘ
832 2763 875 2845 [p.
892 2761 965 2844 142,
982 2763 1047 2842 11].
1078 2766 1110 2826 ot

680 2862 715 2929 in
730 2867 888 2950 quadrato
902 2871 935 2930 E
939 2870 1010 2930 ZH
1010 2870 1038 2931 (r)
1052 2891 1110 2953 py-

681 2972 781 3035 ramis
805 2976 1014 3037 construatur
1033 2996 1108 3039 cun·

682 3077 754 3141 dem
788 3078 943 3143 uerticem
974 3079 1109 3165 habens,
1216 3127 1219 3132 -

92 3196 190 3259 quem
223 3199 331 3243 conus.
381 3178 502 3264 itaque·
524 3183 666 3264 pyramis
695 3184 881 3246 constructa
914 3184 1017 3247 maior
1047 3186 1109 3251 erit

165 3350 224 3408 XII.
243 3351 352 3407 Psallus
371 3371 400 3423 p.
420 3357 463 3407 65.

524 3450 693 3458 Q

94 3493 159 3549 1Ρ.
250 3501 292 3550 23.
313 3492 377 3568 tar]
397 3492 455 3552 ἀπό
475 3497 508 3552 V.
599 3503 642 3552 24.
661 3495 713 3566 τὴν
733 3494 822 3568 αὐτὴν
841 3497 972 3571 κορυφὴν
992 3501 1107 3575 ἔχουσα]

93 3562 215 3634 ἰσονψής
234 3565 332 3621 'Phaon
350 3569 460 3637 (BVq).
