2468 3952
339 201 613 254 scansuroauu
631 204 741 254 meaa
758 206 819 258 ΧΠ.
1021 202 1085 268 221

138 342 225 410 Nam
244 343 384 429 cylindri
402 348 479 428 ΕΒ,
500 349 566 435 ΖΛ
585 347 734 430 aequale‘e
752 347 848 412 bases
867 347 1011 413 habeant
1029 349 1088 415 cir-

69 453 162 550 culos
186 457 265 530 AB,
287 455 359 517 ΓΛ.
405 451 490 537 dico,
514 474 583 518 esse
607 457 671 518 ΕΒ
686 476 693 517 :
708 457 771 517 ΖΛ
786 484 828 506 =
843 457 912 518 ΗΘ
925 476 933 518 ι
947 458 1020 520 ΚΛ.

140 559 210 624 axis
238 559 325 623 enim
347 560 413 623 ΚΛ
436 559 477 624 ad
499 563 539 622 N
556 563 712 642 punctum
735 560 944 643 producatur,
975 564 1008 625 et
1030 584 1086 646 po·

69 668 168 730 natur
196 668 273 729 ΛΝ
283 694 326 717 =
340 668 421 743 ΗΘ,
449 668 482 728 el
509 664 629 729 circum
657 686 752 728 axem
775 669 851 728 AN
869 665 1013 751 fingatur
1035 689 1095 752 cy·.

69 771 195 836 liudrus
218 773 298 836 ΓΜ.
339 772 405 836 iam
428 771 582 854 quoniam
606 770 742 854 cylindri
760 775 836 856 ΕΒ,
858 775 936 836 ΓΜ
953 773 1087 838 eandem

70 876 279 942 altitudinem
311 877 447 961 habent,
483 899 556 942 eam
587 877 674 941 inter
706 899 740 941 ee
772 878 933 943 rationem
964 880 1088 944 habent

23 1659 30 1670 ·
71 1643 170 1706 quam
192 1623 289 1688 bases
309 1624 414 1706 [prop.
428 1621 499 1704 XI].
532 1643 644 1686 uerum
664 1624 758 1688 bases
776 1623 862 1688 inter
880 1645 914 1688 se
933 1624 1085 1707 aequales

71 1732 156 1794 sunl.
192 1728 303 1811 itaque
326 1727 425 1793 eliam
443 1731 507 1793 ER
522 1758 564 1780 ==
578 1730 659 1794 ΓΜ.
692 1733 725 1793 el
748 1731 901 1814 quoniam
924 1728 1086 1813 cylindrus

72 1839 149 1899 ZM
172 1836 269 1919 plano
293 1838 356 1900 ΓΔ
374 1836 489 1919 planis
519 1835 677 1919 oppositis
704 1835 862 1919 parallelo
892 1839 998 1900 seclus
1027 1838 1086 1919 est,

71 1941 135 2006 erit
150 1943 257 2026 [prop.
269 1941 365 2024 XIII]
383 1945 459 2007 ΓΜ
463 1966 471 2007 :
483 1947 544 2006 ΖΔ
555 1970 598 1996 ==
609 1945 696 2007 AN:
706 1946 780 2007 KA.
808 1942 863 2007 sed
877 1945 954 2007 ΓΜ
960 1971 1002 1994 =
1012 1945 1085 2024 ΕΒ,

70 2051 148 2111 AN
157 2077 200 2100 ==
214 2052 292 2112 ΗΘ.
349 2048 460 2131 itaque
500 2051 563 2111 ΕΒ
579 2071 587 2112 :
603 2052 665 2111 ΖΔ
680 2078 722 2100 =
736 2051 805 2112 Hc
818 2071 826 2112 ι
840 2051 913 2113 ΚΛ.
971 2069 1085 2112 uerum

72 2156 135 2217 ΕΒ
149 2176 157 2218 2
172 2157 238 2218 ΖΔ
253 2183 295 2206 =
310 2155 421 2217 ΑΒΗ
429 2177 436 2218 :
451 2141 553 2217 ΓΔΚ
577 2156 682 2237 [prop.
704 2152 759 2235 Χ].
805 2174 882 2238 ergo
907 2155 968 2218 erit

211 2280 957 2361 Hc2KA=ABH:FAK=EB:zA3·

71 2401 157 2485 quod
181 2403 251 2465 erat
274 2400 569 2466 demonstrandum.
656 2470 659 2475 ,

542 2593 614 2659 XV.

160 2716 354 2803 Aequalium
377 2726 530 2783 collorum
555 2684 587 2782 el
610 2718 828 2801 cylindrorum
845 2720 940 2785 bases
958 2721 992 2785 in
1011 2741 1085 2785 con-

70 2825 173 2888 traria
195 2825 323 2890 ratione
342 2827 419 2889 sunt
438 2827 534 2909 alque
554 2824 760 2909 alliludines;
784 2828 818 2890 et
837 2848 973 2910 quorum
988 2847 1084 2891 cono-

71 2951 144 2994 rum
172 2935 205 2996 et
232 2931 453 3016 cylindrorum
482 2933 577 2996 bases
605 2931 639 2994 in
668 2934 831 2996 contraria
858 2931 984 2996 ratione
1008 2934 1085 2995 eunt

71 3039 169 3122 alque
193 3037 392 3121 allitudinea
415 3037 438 3101 ii
462 3038 612 3121 aequales
637 3041 720 3102 sunt.

69 3243 120 3302 τόν
104 3247 169 3301 ιι.Ρ
261 3253 285 3302 7.
306 3242 355 3301 {vv
338 3266 390 3316 νηο
383 3244 454 3301 'mod
473 3247 504 3302 P.
590 3253 615 3302 8.
635 3245 693 3302 εἰσί
707 3247 787 3302 codd.
874 3253 916 3302 10.
936 3245 1008 3302 εἰσίν
1025 3247 1082 3302 ΡΒ.

153 3317 218 3388 ΕΒ]
239 3333 309 3372 erae
329 3317 362 3372 V.
444 3314 589 3401 κύλινδροι
608 3314 736 3388 ἀλλήλοις
755 3319 809 3388 Bq.
897 3325 939 3373 11
959 3314 1084 3405 excaeca

69 3390 130 3442 τινί
143 3387 178 3443 V
271 3394 313 3444 19.
331 3389 457 3445 Postad
437 3408 511 3444 avoc
529 3391 593 3445 add.
613 3391 723 3445 Theon.
742 3385 900 3460 τριπλάσιοι
917 3387 971 3460 γὰρ
991 3373 1073 3446 οῖ’
1036 3411 1084 3446 ac·

69 3462 180 3531 λινδροι
197 3464 254 3515 τῶν
272 3481 312 3515 κω
292 3459 353 3514 dvm
355 3459 497 3530 v(BVq).
571 3467 614 3516 25.
633 3455 764 3532 ὕφεσις.
838 3463 935 3516 καί-
950 3465 993 3520 26.
1012 3455 1084 3533 orpe-

70 3533 127 3604 σιν]
147 3550 204 3602 mg.
222 3548 259 3587 m.
280 3532 348 3587 lV.
952 3584 961 3599 .
