2468 3952
128 215 170 278 52
500 212 702 266 ΣΤΟΙΧΕΙΩΝ
720 206 771 263 ια’.

130 357 297 442 δείξομεν,
326 352 378 422 ὁτι
404 354 460 422 καὶ
488 352 509 440 ἡ
534 361 600 421 ΔΖ
628 350 715 439 ὀρθή
745 354 813 420 ἐστι
842 350 926 439 πρὸς
952 353 990 418 τὸ
1015 346 1144 419 ὑποκεί-

129 488 233 550 μενον
265 465 431 530 ἐπίπεδον.
486 457 551 528 ἀπὸ
585 464 646 527 τοῦ
679 456 784 527 αὐτοῦ
816 457 883 543 ἀρα
913 462 1053 544 σημείου
1084 460 1145 524 τοῦ

131 578 164 636 Δ
195 572 241 660 τῳ
269 565 477 659 ὑποκειμένῳ
508 567 650 657 ἐπιπέδῳ
679 565 742 634 δύο
771 563 903 634 εὐθεῖαι
925 563 1009 649 πρὸς
1037 561 1147 650 ὀρθῶς

130 674 352 760 ἀνεσταμέναι
376 673 462 741 εἰσὶν
486 673 538 740 ἐπὶ
561 671 601 740 τὰ
626 673 711 740 αὐτὰ
732 673 830 758 μέρη·
855 670 935 758 ὅπερ
955 671 1046 738 ἐστὶν
1065 667 1143 738 ἀδύ-

95 797 242 849 5νατον.
288 777 350 847 οὐκ
378 778 444 863 ἀρα
471 781 516 870 τῶ
539 775 748 869 ὑποκειμένῳ
772 779 914 869 ἐπιπέδῳ
939 775 1004 844 ἀπὸ
1028 781 1089 843 τοῦ
1114 785 1147 843 Δ

129 892 271 973 σημείου
306 881 576 970 ἀνασταθήσεται
613 883 698 970 πρὸς
729 881 837 971 ὀρθῶς
869 882 957 970 πλὴν
988 886 1047 969 τῆς
1079 890 1146 950 ΔΒ

129 997 245 1079 κοινῆς
266 997 370 1079 τομῆς
391 996 460 1060 τῶν
484 998 566 1076 ΑΒ,
590 996 656 1058 ΒΓ
675 992 848 1058 ἐπιπέδων.

192 1097 272 1165 Ἐὰν
300 1097 366 1183 ἀρα
395 1097 458 1166 δύο
488 1099 626 1165 ἐπίπεδα
653 1097 817 1183 τέμνοντα
845 1095 972 1182 ἀλληλα
1003 1098 1146 1186 ἐπιπέδῳ

130 1205 196 1272 τινὶ
220 1204 305 1291 πρὸς
328 1200 435 1288 ὁρθὰς
457 1194 494 1290 η,
518 1203 573 1269 καὶ
596 1199 733 1288 ἡκοινὴ
757 1201 870 1270 αὐτῶν
887 1201 971 1288 τομὴ
991 1211 1036 1292 τῷ
1056 1197 1147 1291 αὐτῷ

80 1329 112 1376 10
132 1312 274 1401 ἐπιπέδῳ
298 1308 381 1396 πρὸς
405 1307 514 1395 ὁρθὰς
538 1313 643 1375 ἐσται·
667 1305 748 1393 ὅπερ
772 1310 840 1376 ἔδει
864 1310 977 1389 δεῖξαι.

615 1564 659 1604 κ.

196 1661 283 1731 Ἐὰν
313 1662 451 1748 στερεοὶ
479 1668 603 1749 γωνία
631 1660 705 1730 ὑπὸ
734 1667 855 1750 τριῶν
884 1666 1041 1748 γωνιῶν
1070 1664 1148 1730 ἐπι-

131 1770 261 1837 πέδων
292 1771 536 1857 περιέχηται,
569 1768 641 1837 δύο
671 1766 885 1836 ὁποιαιοῦν
912 1773 979 1855 τῆς
1008 1772 1149 1854 λοιπῆς

132 1877 308 1964 μείζονές
331 1879 410 1942 είσι
432 1873 556 1962 πάντη
580 1872 985 1961 μεταλαμβανόμεναι.

81 2002 112 2049 15
200 1980 326 2069 Στερεὰ
354 1979 418 2068 γὰρ
446 1987 553 2067 γωνία
580 1980 600 2068 ἡ
628 1978 712 2066 πρὸς
734 1983 779 2071 τῶ
803 1987 835 2046 Α
862 1977 927 2047 ὑπὸ
959 1985 1063 2066 τριῶν
1086 2007 1149 2067 γω-

132 2099 216 2155 νιῶν
247 2088 411 2155 ἐπιπέδων
444 2097 512 2155 τῶν
540 2084 606 2154 ὑπὸ
636 2092 749 2171 ΒΑΓ,
782 2092 900 2173 ΓΑΔ,
928 2094 1031 2154 ΔΑΒ
1059 2110 1149 2172 περι-

133 2195 274 2280 εχέσθω·
302 2193 399 2279 λέγω,
423 2191 474 2260 ὅτι
496 2197 566 2261 τῶν
588 2192 656 2260 ὑπὸ
681 2200 792 2278 ΒΑΓ,
817 2199 935 2278 ΓΑΔ,
959 2176 1062 2260 ΔΑΒ
1086 2219 1150 2277 γω-

133 2308 218 2366 νιῶν
247 2298 310 2366 δύο
339 2296 518 2366 ὁποιαιοῦν
544 2303 603 2385 τῆς
629 2303 747 2386 λοιπῆς
774 2300 921 2386 μείζονές
949 2304 1014 2366 εἰσι
1040 2298 1149 2386 πάντη

133 2403 473 2491 μεταλαμβανόμεναι.

82 2530 115 2578 20
201 2513 245 2576 Εί
271 2509 333 2597 μὲν
361 2500 425 2577 οὖν
453 2513 491 2576 αί
515 2506 581 2578 ὑπὸ
609 2516 723 2596 ΒΑΓ,
752 2516 871 2596 ΓΑΔ,
899 2518 1002 2577 ΔΑΒ
1030 2515 1151 2596 γωνίαι

135 2625 206 2683 ίσαι
228 2615 388 2702 ἀλλήλαις
403 2619 512 2702 εἰσίν,
536 2616 703 2703 φανερόν,
728 2615 779 2684 ὅτι
803 2616 866 2685 δύο
891 2614 1071 2686 ὁποιαιοῦν
1093 2621 1152 2703 της

135 2730 253 2808 λοιπῆς
280 2724 426 2808 μείζονές
449 2725 544 2789 εἰσιν.
590 2726 621 2790 εί
648 2722 686 2791 δὲ
709 2722 761 2808 οὔ,
788 2729 872 2792 ἐστω
895 2730 1015 2811 μείζων
1039 2721 1061 2809 ὁ,
1084 2722 1151 2792 ὑπὸ

136 2834 251 2913 ΒΑΓ,
283 2827 339 2893 καὶ
368 2826 558 2895 συνεστάτω
586 2826 670 2915 πρὸς
701 2832 741 2916 τῇ
769 2835 835 2896 ΑΒ
868 2825 986 2919 εὐθείᾳ
1018 2830 1074 2897 καὶ
1105 2835 1150 2921 τῳ

136 2933 220 3020 πρὸς
242 2933 326 3021 αὐτῇ
351 2936 475 3024 σημείῳ
507 2937 553 3026 τῶ
577 2943 609 3000 Α
631 2937 671 3023 τῇ
694 2930 761 3001 ἀπὸ
786 2942 892 3001 ΔΑΒ
916 2942 1023 3026 γωνία
1046 2939 1083 3004 ἐν
1105 2940 1151 3027 τῷ

136 3103 152 3109 -
157 3101 349 3109 .-.η-σῃ.-

210 3189 233 3236 1.
254 3177 297 3236 ὁτι
315 3181 364 3236 καὶ
377 3177 408 3252 ἡ]
428 3198 482 3236 om.
497 3201 519 3250 ῳ
535 3183 601 3250 (non
615 3181 656 3248 F).
731 3183 795 3252 ΔΖ]
812 3178 898 3236 Δ”Ζ’
917 3184 944 3237 b.
1018 3189 1043 3237 4.
1064 3179 1140 3239 ἐστίν

137 3272 192 3308 om.
210 3253 246 3306 V.
333 3259 357 3306 6.
377 3252 436 3322 τῆς]
457 3268 471 3305 e
491 3252 685 3308 corr.m.1b.
758 3258 782 3308 8.
803 3249 973 3308 ἐπίπεδα-
990 3259 1031 3309 10.
1047 3256 1141 3321 δείξαι

137 3347 195 3378 ειν
212 3323 246 3377 V.
337 3328 362 3378 9.
381 3315 414 3394 ᾖ,
432 3323 498 3393 καί]
519 3339 599 3378 enan.
618 3322 649 3378 F.
733 3330 774 3378 14.
794 3326 905 3392 μείζους
923 3324 986 3393 th.
1059 3323 1153 3396 πάντη

138 3412 195 3462 seq.
214 3410 267 3447 ras.
288 3398 302 3446 1
322 3393 377 3447 lisst.
396 3394 426 3449 P.
502 3398 543 3449 15.
563 3394 614 3447 τῶι
634 3410 702 3448 corr.
722 3394 752 3448 in
770 3393 801 3448 τό
821 3412 857 3447 m.
878 3400 891 3447 1
911 3395 938 3450 b.
1014 3402 1055 3452 16.
1075 3416 1154 3465 περι-

138 3464 249 3534 εχέσθω
269 3494 302 3504 -
323 3468 364 3518 17.
384 3464 507 3534 γωνιῶν]
525 3482 581 3533 mg.
602 3484 637 3519 m.
658 3471 673 3517 2
692 3464 726 3533 V,
745 3465 774 3518 in
792 3467 860 3520 text.
882 3482 952 3522 eras.
981 3468 1100 3535 γωνιῶν.

142 3541 184 3590 16.
206 3540 287 3590 ΓΔΑ
306 3535 333 3589 b.
407 3540 448 3589 20.
469 3536 564 3606 ΓΑΔ]
584 3542 609 3590 Δ
629 3552 644 3591 e
663 3551 731 3590 corr.
751 3534 785 3590 V.
867 3543 910 3592 21.
930 3538 1001 3609 ίοαι]
1023 3535 1076 3592 είσι
1095 3539 1156 3594 ἴσαι
