2468 3952
149 204 193 270 34
517 206 719 259 ΣΤΟΙΧΕΙΩΝ
737 201 791 262 ια’.

147 350 216 415 των
240 355 323 432 ΕΔ,
352 354 422 414 ΔΑ
450 347 607 438 ἐπιπέδῳ·
634 344 656 432 ή
679 353 750 414 ΗΘ
777 344 843 432 ἄρα
871 344 959 434 ὀρθή
989 349 1059 414 ἐστι
1081 346 1168 434 πρὸς

147 453 210 541 τήν
234 461 313 520 ΖΑ·
342 451 504 521 ὥστεκαὶ
531 450 553 539 ή
577 460 642 519 ΖΑ
670 449 759 541 ὀρθή
787 455 856 520 ἐστι
886 451 971 541 πρὸς
997 452 1060 540 τήν
1087 458 1167 521 ΘΗ.

150 566 218 628 ἐστι
251 559 288 628 δέ
316 556 336 645 ή
364 565 430 626 ΑΖ
456 558 512 625 καὶ
539 557 624 646 πρὸς
652 555 714 644 τήν
737 564 808 625 ΔΕ
834 556 938 646 ὀρθή·
965 555 987 644 ή
1010 565 1076 624 ΑΖ
1099 556 1167 646 ἄρα

147 665 231 753 πρὸς
264 665 422 753 ἑκατέραν
454 669 523 732 τῶν
549 671 632 750 ΗΘ,
661 671 732 732 ΔΕ
762 661 850 752 ὀρθή
884 666 985 731 ἐστιν.
1041 662 1099 732 ἐὰν
1128 664 1167 732 δὲ

113 792 129 841 ο
149 770 267 840 εὐθεῖα
290 771 390 839 δυσὶν
414 769 563 852 εὐθείαις
585 772 783 856 τεμνούσαις
801 769 947 856 ἀλλήλας
965 771 1017 838 ἐπὶ
1035 774 1094 857 τῆς
1112 797 1166 839 το-

148 890 212 965 μής
234 877 318 964 πρὸς
341 876 450 964 ὀρθὰς
472 880 635 964 ἐπισταθῇ
641 932 650 965 ,
673 877 728 943 καλ
747 881 792 969 τῳ
811 875 858 946 δι’
884 875 997 945 αὐτοῖν
1021 879 1166 968 ἐπιπέδῳ

148 983 232 1069 πρὸς
255 982 362 1070 ὀρθὰς
386 989 489 1051 ἐσται·
518 983 538 1071 ή
564 991 629 1051 ZA
658 982 725 1072 ἅμα
746 993 793 1076 τῷ
817 982 874 1051 διδι
898 986 966 1051 τῶν
990 992 1073 1069 ΕΔ,
1096 991 1166 1053 ΗΘ

149 1094 291 1181 ἐπιπέδῳ
316 1088 398 1178 πρὸς
426 1088 534 1177 ὀρθάς
561 1093 659 1158 ἐστιν.
696 1088 734 1157 τὸ
757 1089 795 1157 δέ
818 1089 875 1158 διὰ
897 1101 965 1159 τῶν
989 1099 1072 1175 ΕΔ,
1095 1097 1166 1159 ΗΘ

149 1197 306 1265 ἐπίπεδόν
331 1200 400 1265 ἐστι
422 1194 460 1262 τὸ
484 1195 721 1281 ὑποκείμενον·
745 1193 765 1281 ή
788 1203 820 1262 Α
826 1203 853 1262 Ζ
876 1193 942 1283 ἄρα
963 1199 1009 1287 τῷ
1033 1192 1165 1264 ὑποκει-

96 1323 128 1372 10
147 1304 236 1392 μένῳ
257 1303 400 1394 ἐπιπέδῳ
424 1302 508 1388 πρὸς
531 1298 639 1389 ὀρθάς
661 1305 761 1370 ἐστιν.

212 1406 289 1476 Ἀπὸ
318 1411 379 1476 τοῦ
408 1406 472 1493 ἄρα
501 1408 664 1487 δοθέντος
691 1411 830 1494 σημείου
858 1406 1025 1495 μετεώρου
1048 1418 1109 1476 τοῦ
1133 1416 1165 1475 A

149 1515 201 1584 ἐπὶ
224 1514 261 1582 τὸ
286 1512 508 1599 ὑποκείμενον
532 1516 690 1582 ἐπίπεδον
717 1513 859 1594 κάθετος
890 1512 1007 1582 εὐθεῖα
1029 1540 1163 1601 γραμμή

147 1613 243 1707 ήιιται
267 1618 287 1706 ή
312 1628 344 1687 Α
350 1627 390 1686 Ζ·
414 1616 495 1705 ὅπερ
520 1622 587 1686 ἔδει
610 1623 756 1705 ποιήσαι.

630 1796 686 1883 ιμ’.

95 1941 127 1992 15
219 1925 276 2014 Τῷ
314 1922 481 1990 δοθέντι
514 1922 683 2010 ἐπιπέδῳ
716 1917 796 1988 ἀπὸ
828 1924 899 1988 τοῦ
930 1918 1028 2008 πρὸς
1060 1919 1162 2013 αὐτῷ

147 2030 343 2109 δοθέντος
370 2032 536 2114 σημείου
563 2025 659 2113 πρὸς
687 2024 813 2113 ὀρθὰς
845 2025 1011 2095 εέθεῑαν
1043 2053 1163 2114 μμαμ·

147 2133 224 2219 μήν
247 2135 481 2219 ἀναστῆσαι.

205 2237 313 2307 Ἔστω
341 2239 379 2307 τὸ
407 2238 469 2325 μὲν
493 2238 598 2306 δοθὲν
621 2241 780 2306 ἐπίπεδον
802 2237 840 2307 τὸ
864 2237 1097 2326 ὑποκείμενον,
1125 2240 1157 2309 τέ

147 2345 185 2414 δέ
207 2343 290 2432 πρὸς
318 2342 407 2435 αὐτῷ
433 2356 571 2430 σημεῖον
594 2342 632 2411 τὸ
656 2353 700 2411 A·
729 2348 782 2412 δεῖ
810 2344 852 2432 δή
878 2343 942 2414 ἀπὸ
966 2351 1027 2414 τοῦ
1049 2355 1083 2414 A
1106 2366 1163 2433 ση-

94 2472 128 2521 20
147 2459 244 2539 μείου
275 2457 320 2544 τῷ
354 2449 561 2543 ὑποκειμένῳ
595 2451 736 2543 ἐπιπέδῳ
769 2451 852 2539 πρὸς
885 2449 993 2539 ὀρθὰς
1025 2455 1163 2521 εὐθεῖαν

147 2555 304 2645 γραμμήν
327 2556 522 2644 ἆναστήσαι.

213 2663 404 2751 Νενοήσθω
436 2691 468 2731 τι
501 2677 639 2749 σημεῖον
671 2666 838 2753 μετέωρον
869 2663 907 2733 τὸ
937 2672 981 2751 Β,
1013 2665 1069 2733 καὶ
1096 2663 1163 2734 ἀπὸ

146 2775 207 2838 τοῦ
231 2776 259 2837 Β
287 2770 340 2838 ἐπὶ
362 2772 400 2838 τὸ
423 2767 644 2856 ὑποκείμενον
677 2774 834 2839 ἐπίπεδον
856 2770 999 2852 κάθετος
1020 2770 1117 2859 ήχθω
1142 2770 1163 2859 ή

146 2884 175 2944 Β
182 2882 224 2963 Γ,
248 2877 303 2944 καί
327 2875 383 2944 διὰ
407 2886 468 2944 τοῦ
483 2885 515 2943 A
537 2881 676 2963 σημείου
699 2881 738 2966 τή
758 2883 824 2945 ΒΓ
837 2877 1047 2965 παράλληλος
1065 2876 1163 2965 ήχθω

93 2980 270 3070 ωήΛΔ

146 3113 360 3122 ἡ*

220 3177 409 3234 1.ἐστινΡῩ.
465 3173 630 3246 Meum.
701 3180 759 3232 ΘΗ
790 3179 1162 3250 ΘΚῳ,ΗΘΒ,ΖΗΡ,

148 3251 176 3304 et
192 3251 225 3316 b,
246 3251 295 3304 sed
314 3267 383 3305 corr.
402 3268 438 3306 m.
460 3255 484 3304 1.
539 3255 563 3304 3.
584 3245 694 3302 ἐστι-
713 3269 751 3303 να
795 3251 909 3305 sustulit
927 3252 1068 3321 reparatio
1087 3251 1163 3310 inF.

199 3316 230 3390 ἡ]
251 3319 349 3390 (prius)
368 3321 416 3374 καὶ
434 3315 452 3388 ἡ
471 3319 504 3373 V.
570 3315 635 3390 τήν]
654 3326 726 3374 m.2
769 3362 775 3374 .
838 3322 899 3392 ΑΖ]
915 3323 985 3392 (alt.)
1001 3340 1016 3376 e
1035 3339 1104 3378 corr.
1123 3341 1162 3378 m.

147 3391 212 3459 21³,
232 3407 290 3460 seq.
308 3408 362 3447 ras.
383 3391 467 3445 11itt.
523 3385 579 3459 ἄρα
597 3392 650 3444 ναί
660 3389 689 3443 F.
743 3396 767 3445 5.
788 3387 919 3465 εὖθείας]
939 3390 1055 3448 εὐθεῖαι
1069 3412 1099 3462 ῳ.

145 3457 324 3533 τεμνούσαις]
335 3461 395 3529 Pb,
409 3461 430 3515 F
445 3479 515 3532 τινες
530 3457 703 3531 ἁπτομέναις
716 3460 810 3530 BFV,
829 3465 848 3517 b
861 3482 917 3534 mg.
973 3459 1104 3534 ἀλλήλας]
1115 3483 1165 3528 -ας

146 3532 176 3590 in
189 3549 241 3588 ras.
256 3552 293 3588 m.
310 3540 323 3587 1
338 3534 367 3604 b,
381 3527 506 3600 ἀλλήλων
521 3531 610 3585 BFV.
668 3539 692 3590 6.
704 3528 759 3604 δι’]
775 3550 827 3589 om.
843 3555 874 3604 φ.
930 3541 954 3589 8.
966 3530 1053 3607 ἐστιν]
1069 3551 1162 3605 eomp.

67 3658 126 3712 ha.
