2468 3952
131 145 197 209 392
525 146 706 197 ΑΡΡυαυΙΧ
724 146 760 199 11.

136 313 249 373 γωνον
272 284 310 354 τὸ
331 293 433 354 ΕΖΗ
439 293 475 354 Θ.
508 283 545 354 τὸ
566 291 700 352 ΕΖΗΘ
724 283 789 370 ἄρα
808 285 1020 375 τετράγωνον
1040 285 1153 373 μεῖζόν

132 397 223 460 ἐστιν
251 388 271 479 ή
296 390 334 460 τὸ
357 392 462 478 ήμισυ
484 396 545 461 τοῦ
569 397 706 458 ΕΖΗΘ
728 391 862 460 κύκλου.
907 392 1151 479 τετμήσθωσαν

133 502 170 565 αἱ
192 505 267 585 ΕΖ,
292 504 374 582 ΖΗ,
403 505 487 583 ΗΘ,
515 504 580 565 ΘΕ
600 499 808 585 περιφέρειαι
832 502 908 585 δίχα
931 497 1014 566 κατὰ
1039 498 1080 566 τὰ
1106 506 1150 585 Κ,

133 614 179 690 Λ,
208 611 262 690 Μ,
296 612 335 671 Ν
359 618 493 691 σημεῖα,
525 604 580 672 καλ
609 602 862 690 ἐπεζεύχθωσαν
889 607 927 671 αἱ
952 611 1037 690 ΕΚ,
1072 611 1150 691 ΚΖ,

133 719 211 796 ΖΛ,
240 717 326 794 ΑΗ,
354 717 449 795 ΗΜ,
478 717 565 796 ΜΘ,
594 716 678 795 ΘΝ,
701 716 779 777 ΝΕ.
830 710 969 777 ἕκαστον
993 707 1061 796 ἄρα
1084 714 1150 778 τῶν

133 824 215 901 ΕΚ,
240 823 320 901 ΚΖ,
345 824 423 902 ΖΑ,
448 822 532 900 ΛΗ,
555 822 650 899 ΗΜ,
675 822 761 900 ΜΘ,
785 821 868 900 ΘΝ,
892 821 963 882 ΝΕ
979 821 1151 903 τρίγωνον

131 922 244 1010 μεῖζόν
268 925 358 991 ἐστιν
382 918 402 1008 ή
427 920 464 989 τὸ
484 922 588 1008 ήμισυ
606 925 666 989 τοῦ
685 920 764 988 καθ’
786 921 885 989 έαυτὸ
903 920 1073 1008 τμήματος
1092 928 1150 991 τού

130 1029 265 1098 κύκλου.
296 1030 436 1096 ἕκαστον
455 1026 520 1114 ἄρα
539 1031 606 1097 τῶν
626 1035 741 1112 ΕΚΖ,
761 1035 880 1114 ΖΛΗ,
899 1033 1028 1114 ΗΜΘ,
1049 1037 1153 1097 ΘΝΕ

133 1140 201 1203 τῶν
225 1131 399 1226 τριγώνων
423 1133 535 1222 μεῖζόν
551 1135 649 1201 ·έστιν
669 1130 743 1220 ήτοι
762 1132 866 1223 ήμισυ
884 1138 945 1203 τού
963 1134 1045 1202 καθ’
1069 1134 1149 1204 αὑτὸ

134 1239 301 1327 τμήματος
319 1244 380 1308 τοῦ
398 1239 533 1309 κύκλου.
558 1240 713 1326 τοιαύτης
732 1238 774 1327 δή
794 1240 972 1326 γενομένης
991 1245 1051 1328 τής
1066 1247 1149 1310 διαι-

133 1349 254 1436 ρέσεως
285 1345 495 1433 ληφθήσεται
527 1349 664 1414 τοιαῦτα
696 1346 848 1433 τμήματα
879 1344 945 1413 ἆτιό
978 1351 1040 1415 τοῦ
1071 1348 1150 1416 ὅλου

132 1454 273 1539 κύκλου,
302 1449 322 1519 ἃ
351 1458 441 1520 ἔσται
470 1453 635 1521 ἐλάσσονα
662 1456 723 1520 τού
747 1460 781 1519 Χ
804 1457 938 1541 χωρίου.
989 1454 1149 1542 λελήφθω

133 1561 188 1628 κω
217 1564 300 1627 ἔστω
328 1558 368 1628 τὰ
393 1566 475 1647 ΕΚ,
503 1566 584 1645 Kz,
614 1567 692 1645 ΖΛ,
721 1566 804 1646 ΛΗ,
832 1567 925 1645 ΗΜ,
954 1566 1043 1646 Μο,
1069 1569 1151 1647 οΝ,

133 1673 210 1733 ΝΕ.
267 1665 329 1754 δύο
363 1657 426 1733 οὖν
459 1669 613 1751 μεγεθῶν
641 1663 769 1733 ιἰνίσων
799 1664 997 1751 ἐκκειμένων
1025 1669 1089 1734 τού
1117 1693 1152 1734 τε

134 1779 233 1839 ΕΖΘ
260 1772 385 1840 κύκλου
412 1771 468 1839 καλ
495 1775 556 1840 τοῦ
584 1780 618 1839 Χ
642 1775 767 1858 χωρίου
794 1769 965 1860 ἄφήρήται
994 1767 1059 1839 ἀπὸ
1093 1776 1152 1840 τοῦ

135 1885 285 1965 μείζονος
307 1884 418 1964 μεῖζον
443 1875 463 1964 ή
487 1877 524 1945 τὸ
549 1879 652 1964 ήμισν
675 1876 852 1966 μέροςκαὶ
875 1879 937 1945 τού
959 1886 1151 1946 καταλειπο-

135 1986 240 2072 μένου
268 1991 380 2072 μεῖζον
408 1981 428 2071 ή
453 1982 489 2051 τὸ
516 1984 618 2071 ήμισυ
641 1984 755 2071 μέρος,
783 1982 839 2050 καλ
862 1986 962 2052 τοῦτο
985 1981 1039 2052 ολελ
1063 1986 1154 2071 γεγέ-

137 2118 250 2178 νηται,
273 2091 328 2159 καὶ
351 2091 599 2158 καταλέλειπται
618 2092 754 2176 χωρίον,
779 2086 961 2159 ὃέλασσον
980 2095 1073 2158 ἔσται
1092 2095 1154 2158 τοῦ

136 2206 174 2265 X.
216 2197 336 2267 λοιπὸν
360 2196 480 2285 ἄρατὸ
501 2202 801 2264 ΕΚΖΛΗΜΘΝ
815 2195 1016 2280 πολύγωνον
1040 2196 1153 2283 μεῖζόν

135 2307 204 2372 έστι
227 2309 288 2373 τοῦ
314 2311 346 2371 Φ
368 2309 502 2392 χωρίον.
549 2301 770 2390 ἐγγεγράφθω
795 2301 836 2390 δή
861 2306 908 2383 εἰς
930 2302 992 2371 τὸν
1017 2309 1152 2370 ΑΒΓΔ

133 2412 258 2477 κύκλον
290 2414 336 2500 τῷ
365 2415 663 2477 ΕΚΖΛΗΜΘΝ
685 2407 870 2500 πολυγώνῳ
905 2409 1025 2494 ὅμοιον
1053 2407 1154 2476 πολύ·

135 2541 248 2603 γωυον
270 2512 308 2581 τὸ
333 2518 616 2591 ΑΞΒΟΓΠΔΡ.
664 2517 736 2582 έπεί
762 2517 852 2583 ἐστιν
876 2511 920 2596 ὡς
942 2513 980 2583 τὸ
1006 2513 1071 2582 ιἰτιὸ
1096 2518 1155 2601 τής

135 2628 199 2689 ΒΔ
231 2619 441 2706 τετράγωνον
474 2619 512 2688 τὸ
545 2617 610 2688 ἀπὸ
639 2623 697 2706 τῆς
725 2627 801 2707 ΖΘ,
834 2620 941 2700 οὕτως
972 2617 989 2687 ὁ
1018 2628 1154 2689 ΑΒΓΔ

133 2727 255 2807 κύκλος
277 2724 362 2816 πρὸς
388 2725 426 2794 τὸ
453 2734 485 2795 Φ
506 2732 646 2814 χωρίον,
675 2725 759 2794 ἀλλὰ
787 2725 854 2814 μήν
878 2726 934 2794 καλ
957 2724 1002 2807 ὡς
1025 2725 1063 2794 τὸ
1089 2724 1153 2795 ιἰπὸ

137 2837 194 2920 τῆς
217 2841 281 2901 ΒΔ
304 2831 516 2922 τετράγωνον
539 2831 623 2921 πρὸς
646 2830 684 2901 τὸ
709 2829 773 2901 ἀπὸ
798 2836 856 2919 τής
879 2831 964 2917 ΖΘ,
985 2828 1094 2913 οὕτως
1116 2833 1152 2900 τὸ

134 2943 419 3016 ΑΞΒΟΓΠΔΡ
437 2939 638 3025 πολύγωνον
666 2937 750 3026 πρὸς
777 2937 814 3005 τὸ
840 2944 1155 3025 ΕΚΖΛΗΜΘΝ,

136 3042 181 3123 ὡς
208 3043 274 3132 ι’λρα
302 3043 319 3112 ὁ
345 3047 479 3111 ΑΒΓΔ
507 3043 629 3122 κύκλος
651 3042 734 3134 πρὸς
761 3041 799 3111 τὸ
826 3050 858 3111 Φ
880 3047 1020 3130 χωρίον,
1049 3043 1156 3123 οὕτως

136 3149 173 3218 τὸ
194 3152 479 3227 ΑΞΒΟΓΠΔΡ
493 3149 693 3235 πολύγωνον
712 3150 793 3237 πρὸς
806 3148 844 3217 τὸ
861 3156 1160 3218 ΕΚΖΛΗΜΘΝ

138 3254 347 3342 πολύγωνον.
399 3255 539 3337 ἐναλλὰξ
568 3257 633 3343 ἄρα
663 3258 767 3343 ἐστίν,
797 3252 842 3335 ὡς
870 3254 887 3323 ὁ
912 3259 1044 3323 ΑΒΓΔ
1073 3254 1157 3343 πρὸς

137 3362 175 3428 τὸ
201 3364 237 3430 έν
262 3359 352 3453 αύτῷ
376 3363 591 3448 πολύγωνον,
620 3362 726 3442 ούτως
748 3360 786 3429 τὸ
810 3368 845 3427 X
863 3366 989 3448 χωρίον
1012 3360 1096 3450 πρὸς
1119 3362 1157 3430 τὸ

140 3471 434 3534 ΕΚΖΛΗΜΘΝ
447 3467 656 3554 πολύγωνον.
680 3473 799 3553 μείζων
814 3465 851 3534 δὲ
866 3463 926 3534 ὁΛ
932 3473 1028 3534 ΒΓΔ
1036 3469 1158 3549 κύκλος

81 3588 135 3696 Χ
