<?xml version="1.0" encoding="UTF-8"?>
<!DOCTYPE html PUBLIC "-//W3C//DTD XHTML 1.0 Transitional//EN"
    "http://www.w3.org/TR/xhtml1/DTD/xhtml1-transitional.dtd">
<html xmlns="http://www.w3.org/1999/xhtml" xml:lang="en" lang="en">
 <head>
  <title>
</title>
<meta http-equiv="Content-Type" content="text/html;charset=utf-8" />
  <meta name='ocr-system' content='tesseract 3.04.00' />
  <meta name='ocr-capabilities' content='ocr_page ocr_carea ocr_par ocr_line ocrx_word'/>
</head>
<body>
  <div class='ocr_page' id='page_1' title='image "./euclidisoperaom00unkngoog_0299.png"; bbox 0 0 2468 3952; ppageno 0'>
   <div class='ocr_carea' id='block_1_1' title="bbox 162 191 805 269">
    <p class='ocr_par' dir='ltr' id='par_1_1' title="bbox 162 191 805 269">
     <span class='ocr_line' id='line_1_1' title="bbox 162 191 805 269; baseline -0.005 -1"><span class='ocrx_word' id='word_1_1' title='bbox 162 203 229 269; x_wconf 82' lang='lat'><strong><em>284</em></strong></span> <span class='ocrx_word' id='word_1_2' title='bbox 532 197 735 253; x_wconf 75' lang='grc' dir='ltr'>ΣΤΟΙΧΕΙΩΝ</span> <span class='ocrx_word' id='word_1_3' title='bbox 752 191 805 265; x_wconf 78' lang='grc' dir='ltr'><strong><em>α’·</em></strong></span> 
     </span>
    </p>
   </div>
   <div class='ocr_carea' id='block_1_2' title="bbox 52 335 1187 3292">
    <p class='ocr_par' dir='ltr' id='par_1_2' title="bbox 162 335 1180 750">
     <span class='ocr_line' id='line_1_2' title="bbox 162 335 1175 430; baseline -0.011 -16"><span class='ocrx_word' id='word_1_4' title='bbox 162 344 228 414; x_wconf 77' lang='grc' dir='ltr'><strong><em>ἀπὸ</em></strong></span> <span class='ocrx_word' id='word_1_5' title='bbox 250 347 309 430; x_wconf 87' lang='grc' dir='ltr'><strong><em>τῆς</em></strong></span> <span class='ocrx_word' id='word_1_6' title='bbox 331 349 407 410; x_wconf 90' lang='lat' dir='ltr'><strong><em>KZ.</em></strong></span> <span class='ocrx_word' id='word_1_7' title='bbox 456 338 702 409; x_wconf 77' lang='grc' dir='ltr'><strong><em>πενταπλάσιον</em></strong></span> <span class='ocrx_word' id='word_1_8' title='bbox 725 337 764 406; x_wconf 76' lang='grc' dir='ltr'><strong><em>δὲ</em></strong></span> <span class='ocrx_word' id='word_1_9' title='bbox 785 336 823 406; x_wconf 89' lang='grc' dir='ltr'><strong><em>τὸ</em></strong></span> <span class='ocrx_word' id='word_1_10' title='bbox 847 335 911 406; x_wconf 82' lang='grc' dir='ltr'><strong><em>ἀπὸ</em></strong></span> <span class='ocrx_word' id='word_1_11' title='bbox 934 347 993 423; x_wconf 85' lang='grc' dir='ltr'><strong><em>τῆς</em></strong></span> <span class='ocrx_word' id='word_1_12' title='bbox 1015 341 1098 404; x_wconf 90' lang='grc' dir='ltr'><strong><em>ΜΚ</em></strong></span> <span class='ocrx_word' id='word_1_13' title='bbox 1118 339 1175 404; x_wconf 83' lang='grc' dir='ltr'><strong><em>τοῦ</em></strong></span> 
     </span>
     <span class='ocr_line' id='line_1_3' title="bbox 162 442 1174 536; baseline -0.009 -18"><span class='ocrx_word' id='word_1_14' title='bbox 162 449 229 520; x_wconf 81' lang='grc' dir='ltr'><strong><em>ἀπὸ</em></strong></span> <span class='ocrx_word' id='word_1_15' title='bbox 252 454 310 536; x_wconf 87' lang='grc' dir='ltr'><strong><em>τῆς</em></strong></span> <span class='ocrx_word' id='word_1_16' title='bbox 332 454 412 516; x_wconf 88' lang='grc' dir='ltr'><strong><em>ΚΖ·</em></strong></span> <span class='ocrx_word' id='word_1_17' title='bbox 435 444 683 516; x_wconf 75' lang='grc' dir='ltr'><strong><em>πενταπλάσιον</em></strong></span> <span class='ocrx_word' id='word_1_18' title='bbox 705 442 772 531; x_wconf 84' lang='grc' dir='ltr'><strong><em>ἀρα</em></strong></span> <span class='ocrx_word' id='word_1_19' title='bbox 793 446 832 514; x_wconf 90' lang='grc' dir='ltr'><strong><em>τὸ</em></strong></span> <span class='ocrx_word' id='word_1_20' title='bbox 854 442 920 513; x_wconf 75' lang='grc' dir='ltr'><strong><em>ἀπὸ</em></strong></span> <span class='ocrx_word' id='word_1_21' title='bbox 943 447 1004 529; x_wconf 90' lang='grc' dir='ltr'><strong><em>τῆς</em></strong></span> <span class='ocrx_word' id='word_1_22' title='bbox 1026 448 1099 510; x_wconf 88' lang='grc' dir='ltr'><strong><em>ΒΚ</em></strong></span> <span class='ocrx_word' id='word_1_23' title='bbox 1118 445 1174 510; x_wconf 82' lang='grc' dir='ltr'><strong><em>τοῦ</em></strong></span> 
     </span>
     <span class='ocr_line' id='line_1_4' title="bbox 162 546 1180 642; baseline -0.008 -18"><span class='ocrx_word' id='word_1_24' title='bbox 162 556 228 626; x_wconf 77' lang='grc' dir='ltr'><strong><em>ἀπὸ</em></strong></span> <span class='ocrx_word' id='word_1_25' title='bbox 252 560 312 642; x_wconf 91' lang='grc' dir='ltr'><strong><em>τῆς</em></strong></span> <span class='ocrx_word' id='word_1_26' title='bbox 334 561 424 624; x_wconf 86' lang='grc' dir='ltr'><strong><em>ΚΜ·</em></strong></span> <span class='ocrx_word' id='word_1_27' title='bbox 447 555 485 622; x_wconf 89' lang='grc' dir='ltr'><strong><em>τὸ</em></strong></span> <span class='ocrx_word' id='word_1_28' title='bbox 509 551 574 642; x_wconf 89' lang='grc' dir='ltr'><strong><em>ἀρα</em></strong></span> <span class='ocrx_word' id='word_1_29' title='bbox 596 548 662 620; x_wconf 81' lang='grc' dir='ltr'><strong><em>ἀπὸ</em></strong></span> <span class='ocrx_word' id='word_1_30' title='bbox 685 554 744 638; x_wconf 85' lang='grc' dir='ltr'><strong><em>τῆς</em></strong></span> <span class='ocrx_word' id='word_1_31' title='bbox 766 558 834 619; x_wconf 92' lang='grc' dir='ltr'><strong><em>ΒΚ</em></strong></span> <span class='ocrx_word' id='word_1_32' title='bbox 855 551 938 640; x_wconf 78' lang='grc' dir='ltr'><strong><em>πρὸς</em></strong></span> <span class='ocrx_word' id='word_1_33' title='bbox 959 547 997 618; x_wconf 84' lang='grc' dir='ltr'><strong><em>τὸ</em></strong></span> <span class='ocrx_word' id='word_1_34' title='bbox 1022 546 1089 618; x_wconf 73' lang='grc' dir='ltr'><strong><em>ἀπὸ</em></strong></span> <span class='ocrx_word' id='word_1_35' title='bbox 1104 554 1180 616; x_wconf 92' lang='grc' dir='ltr'><strong><em>ΚΜ</em></strong></span> 
     </span>
     <span class='ocr_line' id='line_1_5' title="bbox 163 654 1175 750; baseline -0.009 -18"><span class='ocrx_word' id='word_1_36' title='bbox 163 663 267 750; x_wconf 77' lang='grc' dir='ltr'><strong><em>λόγον</em></strong></span> <span class='ocrx_word' id='word_1_37' title='bbox 296 661 359 729; x_wconf 81' lang='grc' dir='ltr'><strong><em>οὐκ</em></strong></span> <span class='ocrx_word' id='word_1_38' title='bbox 382 665 462 746; x_wconf 81' lang='grc' dir='ltr'><strong><em>ἔχει,</em></strong></span> <span class='ocrx_word' id='word_1_39' title='bbox 490 658 531 727; x_wconf 74' lang='grc' dir='ltr'><strong><em>ὃν</em></strong></span> <span class='ocrx_word' id='word_1_40' title='bbox 558 657 766 746; x_wconf 79' lang='grc' dir='ltr'><strong><em>τετράγωνος</em></strong></span> <span class='ocrx_word' id='word_1_41' title='bbox 792 655 938 745; x_wconf 85' lang='grc' dir='ltr'><strong><em>ἀριθμὸς</em></strong></span> <span class='ocrx_word' id='word_1_42' title='bbox 959 654 1046 745; x_wconf 81' lang='grc' dir='ltr'><strong><em>πρὸς</em></strong></span> <span class='ocrx_word' id='word_1_43' title='bbox 1067 654 1175 744; x_wconf 82' lang='grc' dir='ltr'><strong><em>τετρά-</em></strong></span> 
     </span>
    </p>

    <p class='ocr_par' dir='ltr' id='par_1_3' title="bbox 113 760 1182 1599">
     <span class='ocr_line' id='line_1_6' title="bbox 128 760 1178 857; baseline -0.008 -19"><span class='ocrx_word' id='word_1_44' title='bbox 128 797 143 846; x_wconf 82' lang='lat'><strong>5</strong></span> <span class='ocrx_word' id='word_1_45' title='bbox 163 795 276 857; x_wconf 78' lang='grc' dir='ltr'><strong><em>μανον</em></strong></span> <span class='ocrx_word' id='word_1_46' title='bbox 299 765 462 853; x_wconf 87' lang='grc' dir='ltr'><strong><em>ἀριθμόν·</em></strong></span> <span class='ocrx_word' id='word_1_47' title='bbox 486 763 695 852; x_wconf 86' lang='grc' dir='ltr'><strong><em>ἀσύμμετρος</em></strong></span> <span class='ocrx_word' id='word_1_48' title='bbox 717 763 783 853; x_wconf 87' lang='grc' dir='ltr'><strong><em>ἀρα</em></strong></span> <span class='ocrx_word' id='word_1_49' title='bbox 806 763 896 833; x_wconf 78' lang='grc' dir='ltr'><strong><em>ἐστὶν</em></strong></span> <span class='ocrx_word' id='word_1_50' title='bbox 919 760 941 850; x_wconf 88' lang='grc' dir='ltr'><strong><em>ῆ</em></strong></span> <span class='ocrx_word' id='word_1_51' title='bbox 960 768 1032 830; x_wconf 92' lang='grc' dir='ltr'><strong><em>ΒΚ</em></strong></span> <span class='ocrx_word' id='word_1_52' title='bbox 1047 766 1090 851; x_wconf 83' lang='grc' dir='ltr'><strong><em>τῆ</em></strong></span> <span class='ocrx_word' id='word_1_53' title='bbox 1106 768 1178 830; x_wconf 89' lang='grc' dir='ltr'><strong><em>ΚΜ</em></strong></span> 
     </span>
     <span class='ocr_line' id='line_1_7' title="bbox 163 868 1181 964; baseline -0.009 -20"><span class='ocrx_word' id='word_1_54' title='bbox 163 878 267 964; x_wconf 84' lang='grc' dir='ltr'><strong><em>μῆκει.</em></strong></span> <span class='ocrx_word' id='word_1_55' title='bbox 312 878 371 941; x_wconf 87' lang='grc' dir='ltr'><strong><em>καί</em></strong></span> <span class='ocrx_word' id='word_1_56' title='bbox 394 875 464 941; x_wconf 84' lang='grc' dir='ltr'><strong><em>έστι</em></strong></span> <span class='ocrx_word' id='word_1_57' title='bbox 492 869 574 957; x_wconf 82' lang='grc' dir='ltr'><strong><em>ῥητὴ</em></strong></span> <span class='ocrx_word' id='word_1_58' title='bbox 602 871 739 959; x_wconf 83' lang='grc' dir='ltr'><strong><em>ἑκατέρα</em></strong></span> <span class='ocrx_word' id='word_1_59' title='bbox 767 868 887 939; x_wconf 79' lang='grc' dir='ltr'><strong><em>αὐτῶν.</em></strong></span> <span class='ocrx_word' id='word_1_60' title='bbox 937 871 975 936; x_wconf 79' lang='grc' dir='ltr'><strong><em>αί</em></strong></span> <span class='ocrx_word' id='word_1_61' title='bbox 994 875 1080 955; x_wconf 93' lang='grc' dir='ltr'><strong><em>ΒΚ,</em></strong></span> <span class='ocrx_word' id='word_1_62' title='bbox 1104 874 1181 936; x_wconf 91' lang='grc' dir='ltr'><strong><em>ΚΜ</em></strong></span> 
     </span>
     <span class='ocr_line' id='line_1_8' title="bbox 163 972 1176 1068; baseline -0.007 -19"><span class='ocrx_word' id='word_1_63' title='bbox 163 981 230 1068; x_wconf 88' lang='grc' dir='ltr'><strong><em>ἀρα</em></strong></span> <span class='ocrx_word' id='word_1_64' title='bbox 253 982 354 1067; x_wconf 89' lang='grc' dir='ltr'><strong><em>ῥηταί</em></strong></span> <span class='ocrx_word' id='word_1_65' title='bbox 374 983 439 1048; x_wconf 78' lang='grc' dir='ltr'><strong><em>εἰσι</em></strong></span> <span class='ocrx_word' id='word_1_66' title='bbox 462 977 605 1064; x_wconf 79' lang='grc' dir='ltr'><em>δυνάμει</em></span> <span class='ocrx_word' id='word_1_67' title='bbox 628 977 736 1064; x_wconf 89' lang='grc' dir='ltr'><strong><em>μόνον</em></strong></span> <span class='ocrx_word' id='word_1_68' title='bbox 754 975 944 1064; x_wconf 85' lang='grc' dir='ltr'><strong><em>σύμμετροι.</em></strong></span> <span class='ocrx_word' id='word_1_69' title='bbox 975 977 1037 1044; x_wconf 77' lang='grc' dir='ltr'><strong><em>ἐὰν</em></strong></span> <span class='ocrx_word' id='word_1_70' title='bbox 1057 974 1099 1043; x_wconf 71' lang='grc' dir='ltr'><strong><em>δὲ</em></strong></span> <span class='ocrx_word' id='word_1_71' title='bbox 1116 972 1176 1043; x_wconf 72' lang='grc' dir='ltr'><strong><em>ἀπὸ</em></strong></span> 
     </span>
     <span class='ocr_line' id='line_1_9' title="bbox 164 1075 1178 1174; baseline -0.005 -20"><span class='ocrx_word' id='word_1_72' title='bbox 164 1090 265 1174; x_wconf 99' lang='grc' dir='ltr'><strong><em>ῥητῆς</em></strong></span> <span class='ocrx_word' id='word_1_73' title='bbox 287 1083 371 1173; x_wconf 85' lang='grc' dir='ltr'><strong><em>ῥητῆ</em></strong></span> <span class='ocrx_word' id='word_1_74' title='bbox 395 1082 565 1172; x_wconf 85' lang='grc' dir='ltr'><strong><em>ἀφαιρεθῆ</em></strong></span> <span class='ocrx_word' id='word_1_75' title='bbox 590 1082 731 1170; x_wconf 80' lang='grc' dir='ltr'><em>δυνάμει</em></span> <span class='ocrx_word' id='word_1_76' title='bbox 753 1083 860 1169; x_wconf 89' lang='grc' dir='ltr'><strong><em>μόνον</em></strong></span> <span class='ocrx_word' id='word_1_77' title='bbox 882 1080 1072 1168; x_wconf 82' lang='grc' dir='ltr'><strong><em>σύμμετρος</em></strong></span> <span class='ocrx_word' id='word_1_78' title='bbox 1096 1075 1178 1151; x_wconf 82' lang='grc' dir='ltr'><strong><em>οὖσα</em></strong></span> 
     </span>
     <span class='ocr_line' id='line_1_10' title="bbox 163 1186 1179 1282; baseline -0.005 -21"><span class='ocrx_word' id='word_1_79' title='bbox 163 1199 203 1282; x_wconf 88' lang='grc' dir='ltr'><strong><em>τῆ</em></strong></span> <span class='ocrx_word' id='word_1_80' title='bbox 228 1193 305 1281; x_wconf 77' lang='grc' dir='ltr'><strong><em>ὅλη,</em></strong></span> <span class='ocrx_word' id='word_1_81' title='bbox 328 1190 349 1278; x_wconf 90' lang='grc' dir='ltr'><strong><em>ῆ</em></strong></span> <span class='ocrx_word' id='word_1_82' title='bbox 373 1192 472 1278; x_wconf 80' lang='grc' dir='ltr'><strong><em>λοιτῆ</em></strong></span> <span class='ocrx_word' id='word_1_83' title='bbox 495 1188 619 1276; x_wconf 76' lang='grc' dir='ltr'><strong><em>ἄλογός</em></strong></span> <span class='ocrx_word' id='word_1_84' title='bbox 642 1191 733 1258; x_wconf 81' lang='grc' dir='ltr'><strong><em>ἐστιν</em></strong></span> <span class='ocrx_word' id='word_1_85' title='bbox 755 1186 919 1276; x_wconf 81' lang='grc' dir='ltr'><strong><em>ἀτοτομῆ·</em></strong></span> <span class='ocrx_word' id='word_1_86' title='bbox 942 1187 1098 1276; x_wconf 78' lang='grc' dir='ltr'><strong><em>ἀποτομὴ</em></strong></span> <span class='ocrx_word' id='word_1_87' title='bbox 1118 1187 1179 1276; x_wconf 85' lang='grc' dir='ltr'><strong><em>ἀρα</em></strong></span> 
     </span>
     <span class='ocr_line' id='line_1_11' title="bbox 113 1292 1179 1384; baseline -0.005 -16"><span class='ocrx_word' id='word_1_88' title='bbox 113 1326 146 1375; x_wconf 91' lang='lat'><strong><em>10</em></strong></span> <span class='ocrx_word' id='word_1_89' title='bbox 165 1300 256 1368; x_wconf 79' lang='grc' dir='ltr'><strong><em>ἐστὶν</em></strong></span> <span class='ocrx_word' id='word_1_90' title='bbox 279 1295 300 1384; x_wconf 88' lang='grc' dir='ltr'><strong><em>ῆ</em></strong></span> <span class='ocrx_word' id='word_1_91' title='bbox 324 1305 413 1382; x_wconf 89' lang='grc' dir='ltr'><strong><em>ΜΒ,</em></strong></span> <span class='ocrx_word' id='word_1_92' title='bbox 441 1295 720 1384; x_wconf 79' lang='grc' dir='ltr'><strong><em>προσαρμόζουσα</em></strong></span> <span class='ocrx_word' id='word_1_93' title='bbox 747 1292 786 1362; x_wconf 71' lang='grc' dir='ltr'><strong><em>δὲ</em></strong></span> <span class='ocrx_word' id='word_1_94' title='bbox 807 1292 890 1384; x_wconf 76' lang='grc' dir='ltr'><strong><em>αὐτῆ</em></strong></span> <span class='ocrx_word' id='word_1_95' title='bbox 918 1292 940 1381; x_wconf 91' lang='grc' dir='ltr'><strong><em>ῆ</em></strong></span> <span class='ocrx_word' id='word_1_96' title='bbox 963 1301 1051 1362; x_wconf 92' lang='grc' dir='ltr'><strong><em>ΜΚ.</em></strong></span> <span class='ocrx_word' id='word_1_97' title='bbox 1096 1295 1179 1382; x_wconf 76' lang='grc' dir='ltr'><strong><em>λέγω</em></strong></span> 
     </span>
     <span class='ocr_line' id='line_1_12' title="bbox 165 1393 1181 1493; baseline 0 -22"><span class='ocrx_word' id='word_1_98' title='bbox 165 1405 223 1490; x_wconf 81' lang='grc' dir='ltr'><strong><em>θῆ,</em></strong></span> <span class='ocrx_word' id='word_1_99' title='bbox 252 1402 305 1471; x_wconf 82' lang='grc' dir='ltr'><strong><em>ὅτι</em></strong></span> <span class='ocrx_word' id='word_1_100' title='bbox 331 1404 388 1471; x_wconf 85' lang='grc' dir='ltr'><strong><em>καὶ</em></strong></span> <span class='ocrx_word' id='word_1_101' title='bbox 414 1403 562 1491; x_wconf 76' lang='grc' dir='ltr'><strong><em>τετάρτη.</em></strong></span> <span class='ocrx_word' id='word_1_102' title='bbox 612 1393 639 1493; x_wconf 77' lang='grc' dir='ltr'><em>ᾦ</em></span> <span class='ocrx_word' id='word_1_103' title='bbox 670 1399 712 1487; x_wconf 76' lang='grc' dir='ltr'><strong><em>Βῆ</em></strong></span> <span class='ocrx_word' id='word_1_104' title='bbox 736 1399 848 1486; x_wconf 75' lang='grc' dir='ltr'><strong><em>μεῖζόν</em></strong></span> <span class='ocrx_word' id='word_1_105' title='bbox 872 1401 940 1468; x_wconf 78' lang='grc' dir='ltr'><strong><em>ἐστι</em></strong></span> <span class='ocrx_word' id='word_1_106' title='bbox 966 1401 1005 1469; x_wconf 88' lang='grc' dir='ltr'><strong><em>τὸ</em></strong></span> <span class='ocrx_word' id='word_1_107' title='bbox 1033 1398 1102 1470; x_wconf 83' lang='grc' dir='ltr'><strong><em>ἀπὸ</em></strong></span> <span class='ocrx_word' id='word_1_108' title='bbox 1124 1413 1181 1488; x_wconf 86' lang='grc' dir='ltr'><strong><em>τῆς</em></strong></span> 
     </span>
     <span class='ocr_line' id='line_1_13' title="bbox 147 1505 1182 1599; baseline 0 -23"><span class='ocrx_word' id='word_1_109' title='bbox 147 1516 193 1599; x_wconf 69' lang='grc' dir='ltr'><strong><em>ιΒ</em></strong></span> <span class='ocrx_word' id='word_1_110' title='bbox 200 1517 233 1577; x_wconf 95' lang='grc' dir='ltr'><strong><em>Κ</em></strong></span> <span class='ocrx_word' id='word_1_111' title='bbox 254 1512 316 1576; x_wconf 80' lang='grc' dir='ltr'><strong><em>τοῦ</em></strong></span> <span class='ocrx_word' id='word_1_112' title='bbox 339 1506 404 1577; x_wconf 79' lang='grc' dir='ltr'><strong><em>ἀπο</em></strong></span> <span class='ocrx_word' id='word_1_113' title='bbox 426 1513 486 1595; x_wconf 88' lang='grc' dir='ltr'><strong><em>τῆς</em></strong></span> <span class='ocrx_word' id='word_1_114' title='bbox 507 1514 598 1594; x_wconf 88' lang='grc' dir='ltr'><strong><em>ΚΜ,</em></strong></span> <span class='ocrx_word' id='word_1_115' title='bbox 626 1508 742 1599; x_wconf 76' lang='grc' dir='ltr'><strong><em>ἐκείνη)</em></strong></span> <span class='ocrx_word' id='word_1_116' title='bbox 766 1513 842 1575; x_wconf 76' lang='grc' dir='ltr'><strong><em>ι’σον</em></strong></span> <span class='ocrx_word' id='word_1_117' title='bbox 865 1505 1008 1575; x_wconf 78' lang='grc' dir='ltr'><strong><em>ἔστωτὰ</em></strong></span> <span class='ocrx_word' id='word_1_118' title='bbox 1034 1505 1103 1576; x_wconf 86' lang='grc' dir='ltr'><strong><em>ἀιιὸ</em></strong></span> <span class='ocrx_word' id='word_1_119' title='bbox 1127 1511 1182 1594; x_wconf 86' lang='grc' dir='ltr'><strong><em>τῆς</em></strong></span> 
     </span>
    </p>

    <p class='ocr_par' dir='ltr' id='par_1_4' title="bbox 52 1606 1181 1808">
     <span class='ocr_line' id='line_1_14' title="bbox 52 1606 1180 1702; baseline -0.003 -19"><span class='ocrx_word' id='word_1_120' title='bbox 52 1606 56 1611; x_wconf 55' lang='grc'><strong>’</strong></span> <span class='ocrx_word' id='word_1_121' title='bbox 165 1622 212 1683; x_wconf 97' lang='grc' dir='ltr'><strong><em>Ν·</em></strong></span> <span class='ocrx_word' id='word_1_122' title='bbox 240 1612 262 1702; x_wconf 87' lang='grc' dir='ltr'><strong><em>ῆ</em></strong></span> <span class='ocrx_word' id='word_1_123' title='bbox 286 1621 354 1682; x_wconf 93' lang='grc' dir='ltr'><strong><em>ΒΚ</em></strong></span> <span class='ocrx_word' id='word_1_124' title='bbox 380 1612 447 1702; x_wconf 89' lang='grc' dir='ltr'><strong><em>ἀρα</em></strong></span> <span class='ocrx_word' id='word_1_125' title='bbox 473 1618 532 1700; x_wconf 88' lang='grc' dir='ltr'><strong><em>τῆς</em></strong></span> <span class='ocrx_word' id='word_1_126' title='bbox 554 1618 633 1682; x_wconf 89' lang='grc' dir='ltr'><strong><em>ΚΜ</em></strong></span> <span class='ocrx_word' id='word_1_127' title='bbox 660 1617 771 1698; x_wconf 79' lang='grc' dir='ltr'><strong><em>μεῖζον</em></strong></span> <span class='ocrx_word' id='word_1_128' title='bbox 799 1610 941 1680; x_wconf 73' lang='grc' dir='ltr'><strong><em>δύναται</em></strong></span> <span class='ocrx_word' id='word_1_129' title='bbox 967 1616 1008 1702; x_wconf 88' lang='grc' dir='ltr'><strong><em>τῆ</em></strong></span> <span class='ocrx_word' id='word_1_130' title='bbox 1036 1621 1081 1682; x_wconf 92' lang='grc' dir='ltr'><strong><em>Ν.</em></strong></span> <span class='ocrx_word' id='word_1_131' title='bbox 1128 1613 1180 1682; x_wconf 75' lang='grc' dir='ltr'><strong><em>ιιαὶ</em></strong></span> 
     </span>
     <span class='ocr_line' id='line_1_15' title="bbox 165 1716 1181 1808; baseline -0.002 -18"><span class='ocrx_word' id='word_1_132' title='bbox 165 1723 236 1790; x_wconf 78' lang='grc' dir='ltr'><strong><em>ἐπεὶ</em></strong></span> <span class='ocrx_word' id='word_1_133' title='bbox 255 1719 441 1808; x_wconf 83' lang='grc' dir='ltr'><strong><em>σύμμετρός</em></strong></span> <span class='ocrx_word' id='word_1_134' title='bbox 458 1722 549 1788; x_wconf 76' lang='grc' dir='ltr'><strong><em>ἐστιν</em></strong></span> <span class='ocrx_word' id='word_1_135' title='bbox 566 1716 588 1806; x_wconf 88' lang='grc' dir='ltr'><strong><em>ῆ</em></strong></span> <span class='ocrx_word' id='word_1_136' title='bbox 608 1726 674 1788; x_wconf 89' lang='grc' dir='ltr'><strong><em>ΚΖ</em></strong></span> <span class='ocrx_word' id='word_1_137' title='bbox 686 1722 731 1807; x_wconf 88' lang='grc' dir='ltr'><strong><em>τῆ</em></strong></span> <span class='ocrx_word' id='word_1_138' title='bbox 748 1725 824 1804; x_wconf 91' lang='grc' dir='ltr'><strong><em>ΖΒ,</em></strong></span> <span class='ocrx_word' id='word_1_139' title='bbox 846 1718 903 1785; x_wconf 76' lang='grc' dir='ltr'><strong><em>καὶ</em></strong></span> <span class='ocrx_word' id='word_1_140' title='bbox 921 1720 1084 1787; x_wconf 74' lang='grc' dir='ltr'><strong><em>συνθέντι</em></strong></span> <span class='ocrx_word' id='word_1_141' title='bbox 1103 1721 1181 1807; x_wconf 86' lang='grc' dir='ltr'><strong><em>σάμ-</em></strong></span> 
     </span>
    </p>

    <p class='ocr_par' dir='ltr' id='par_1_5' title="bbox 114 1822 1187 3081">
     <span class='ocr_line' id='line_1_16' title="bbox 114 1822 1181 1917; baseline -0.003 -21"><span class='ocrx_word' id='word_1_142' title='bbox 114 1852 147 1901; x_wconf 79' lang='lat'><strong><em>15</em></strong></span> <span class='ocrx_word' id='word_1_143' title='bbox 165 1826 284 1917; x_wconf 88' lang='grc' dir='ltr'><strong><em>μετρός</em></strong></span> <span class='ocrx_word' id='word_1_144' title='bbox 307 1829 397 1895; x_wconf 82' lang='grc' dir='ltr'><strong><em>ἐστιν</em></strong></span> <span class='ocrx_word' id='word_1_145' title='bbox 419 1823 441 1912; x_wconf 86' lang='grc' dir='ltr'><strong><em>ῆ</em></strong></span> <span class='ocrx_word' id='word_1_146' title='bbox 464 1832 530 1893; x_wconf 93' lang='grc' dir='ltr'><strong><em>ΚΒ</em></strong></span> <span class='ocrx_word' id='word_1_147' title='bbox 552 1829 594 1914; x_wconf 88' lang='grc' dir='ltr'><strong><em>τῆ</em></strong></span> <span class='ocrx_word' id='word_1_148' title='bbox 618 1832 688 1893; x_wconf 91' lang='grc' dir='ltr'><strong><em>ΖΒ.</em></strong></span> <span class='ocrx_word' id='word_1_149' title='bbox 724 1822 809 1892; x_wconf 80' lang='grc' dir='ltr'><strong><em>ἀλλά</em></strong></span> <span class='ocrx_word' id='word_1_150' title='bbox 830 1822 851 1910; x_wconf 88' lang='grc' dir='ltr'><strong><em>ῆ</em></strong></span> <span class='ocrx_word' id='word_1_151' title='bbox 871 1831 933 1892; x_wconf 90' lang='grc' dir='ltr'><strong><em>ΒΖ</em></strong></span> <span class='ocrx_word' id='word_1_152' title='bbox 955 1828 995 1914; x_wconf 85' lang='grc' dir='ltr'><strong><em>τῆ</em></strong></span> <span class='ocrx_word' id='word_1_153' title='bbox 1015 1830 1079 1893; x_wconf 98' lang='grc' dir='ltr'><strong><em>ΒΘ</em></strong></span> <span class='ocrx_word' id='word_1_154' title='bbox 1102 1827 1181 1912; x_wconf 86' lang='grc' dir='ltr'><strong><em>σάμ·</em></strong></span> 
     </span>
     <span class='ocr_line' id='line_1_17' title="bbox 166 1929 1181 2021; baseline -0.004 -19"><span class='ocrx_word' id='word_1_155' title='bbox 166 1933 284 2021; x_wconf 85' lang='grc' dir='ltr'><strong><em>μετρός</em></strong></span> <span class='ocrx_word' id='word_1_156' title='bbox 306 1935 411 2001; x_wconf 77' lang='grc' dir='ltr'><strong><em>ἐστιν·</em></strong></span> <span class='ocrx_word' id='word_1_157' title='bbox 432 1931 489 1999; x_wconf 79' lang='grc' dir='ltr'><strong><em>καὶ</em></strong></span> <span class='ocrx_word' id='word_1_158' title='bbox 511 1929 532 2018; x_wconf 93' lang='grc' dir='ltr'><strong><em>ῆ</em></strong></span> <span class='ocrx_word' id='word_1_159' title='bbox 556 1939 626 2001; x_wconf 90' lang='grc' dir='ltr'><strong><em>ΒΚ</em></strong></span> <span class='ocrx_word' id='word_1_160' title='bbox 646 1929 712 2021; x_wconf 87' lang='grc' dir='ltr'><strong><em>ἀρα</em></strong></span> <span class='ocrx_word' id='word_1_161' title='bbox 733 1935 773 2020; x_wconf 90' lang='grc' dir='ltr'><strong><em>τῆ</em></strong></span> <span class='ocrx_word' id='word_1_162' title='bbox 793 1937 857 1999; x_wconf 88' lang='grc' dir='ltr'><strong><em>ΒΘ</em></strong></span> <span class='ocrx_word' id='word_1_163' title='bbox 875 1930 1064 2018; x_wconf 81' lang='grc' dir='ltr'><strong><em>σύμμετρός</em></strong></span> <span class='ocrx_word' id='word_1_164' title='bbox 1082 1932 1181 2000; x_wconf 75' lang='grc' dir='ltr'><strong><em>ἐστιν.</em></strong></span> 
     </span>
     <span class='ocr_line' id='line_1_18' title="bbox 164 2035 1180 2125; baseline -0.001 -18"><span class='ocrx_word' id='word_1_165' title='bbox 164 2040 221 2108; x_wconf 77' lang='grc' dir='ltr'><strong><em>καὶ</em></strong></span> <span class='ocrx_word' id='word_1_166' title='bbox 244 2040 314 2108; x_wconf 79' lang='grc' dir='ltr'><strong><em>έιιεὶ</em></strong></span> <span class='ocrx_word' id='word_1_167' title='bbox 335 2037 584 2108; x_wconf 78' lang='grc' dir='ltr'><strong><em>πενταπλάσιόν</em></strong></span> <span class='ocrx_word' id='word_1_168' title='bbox 606 2039 677 2106; x_wconf 78' lang='grc' dir='ltr'><strong><em>ἐστι</em></strong></span> <span class='ocrx_word' id='word_1_169' title='bbox 698 2037 737 2107; x_wconf 89' lang='grc' dir='ltr'><strong><em>τὸ</em></strong></span> <span class='ocrx_word' id='word_1_170' title='bbox 764 2035 830 2107; x_wconf 86' lang='grc' dir='ltr'><strong><em>ἀιτό</em></strong></span> <span class='ocrx_word' id='word_1_171' title='bbox 857 2041 917 2125; x_wconf 91' lang='grc' dir='ltr'><strong><em>τῆς</em></strong></span> <span class='ocrx_word' id='word_1_172' title='bbox 938 2045 1009 2106; x_wconf 90' lang='grc' dir='ltr'><strong><em>ΒΚ</em></strong></span> <span class='ocrx_word' id='word_1_173' title='bbox 1029 2040 1093 2106; x_wconf 86' lang='grc' dir='ltr'><strong><em>τοῦ</em></strong></span> <span class='ocrx_word' id='word_1_174' title='bbox 1117 2036 1180 2106; x_wconf 83' lang='grc' dir='ltr'><strong><em>ἀτο</em></strong></span> 
     </span>
     <span class='ocr_line' id='line_1_19' title="bbox 165 2141 1187 2233; baseline -0.001 -20"><span class='ocrx_word' id='word_1_175' title='bbox 165 2150 224 2232; x_wconf 91' lang='grc' dir='ltr'><strong><em>τῆς</em></strong></span> <span class='ocrx_word' id='word_1_176' title='bbox 246 2152 338 2230; x_wconf 89' lang='grc' dir='ltr'><strong><em>ΚΜ,</em></strong></span> <span class='ocrx_word' id='word_1_177' title='bbox 361 2143 399 2213; x_wconf 88' lang='grc' dir='ltr'><strong><em>τὸ</em></strong></span> <span class='ocrx_word' id='word_1_178' title='bbox 423 2142 489 2232; x_wconf 86' lang='grc' dir='ltr'><strong><em>ἀρα</em></strong></span> <span class='ocrx_word' id='word_1_179' title='bbox 512 2142 577 2212; x_wconf 83' lang='grc' dir='ltr'><strong><em>ἀπὸ</em></strong></span> <span class='ocrx_word' id='word_1_180' title='bbox 600 2146 659 2231; x_wconf 90' lang='grc' dir='ltr'><strong><em>τῆς</em></strong></span> <span class='ocrx_word' id='word_1_181' title='bbox 682 2151 752 2213; x_wconf 91' lang='grc' dir='ltr'><strong><em>ΒΚ</em></strong></span> <span class='ocrx_word' id='word_1_182' title='bbox 771 2146 855 2233; x_wconf 84' lang='grc' dir='ltr'><strong><em>πρὸς</em></strong></span> <span class='ocrx_word' id='word_1_183' title='bbox 876 2145 915 2214; x_wconf 87' lang='grc' dir='ltr'><strong><em>τὸ</em></strong></span> <span class='ocrx_word' id='word_1_184' title='bbox 938 2141 1004 2211; x_wconf 81' lang='grc' dir='ltr'><strong><em>ἀπὸ</em></strong></span> <span class='ocrx_word' id='word_1_185' title='bbox 1027 2148 1088 2231; x_wconf 88' lang='grc' dir='ltr'><strong><em>τῆς</em></strong></span> <span class='ocrx_word' id='word_1_186' title='bbox 1105 2149 1187 2214; x_wconf 91' lang='grc' dir='ltr'><strong><em>ΚΜ</em></strong></span> 
     </span>
     <span class='ocr_line' id='line_1_20' title="bbox 165 2247 1181 2339; baseline 0.001 -21"><span class='ocrx_word' id='word_1_187' title='bbox 165 2251 270 2336; x_wconf 81' lang='grc' dir='ltr'><strong><em>λόγον</em></strong></span> <span class='ocrx_word' id='word_1_188' title='bbox 293 2255 374 2337; x_wconf 80' lang='grc' dir='ltr'><strong><em>ἔχει,</em></strong></span> <span class='ocrx_word' id='word_1_189' title='bbox 398 2247 440 2318; x_wconf 80' lang='grc' dir='ltr'><strong><em>ὃν</em></strong></span> <span class='ocrx_word' id='word_1_190' title='bbox 462 2261 479 2317; x_wconf 78' lang='grc' dir='ltr'><em>ἑ</em></span> <span class='ocrx_word' id='word_1_191' title='bbox 500 2248 585 2338; x_wconf 85' lang='grc' dir='ltr'><strong><em>πρὸς</em></strong></span> <span class='ocrx_word' id='word_1_192' title='bbox 607 2251 653 2318; x_wconf 80' lang='grc' dir='ltr'><strong><em>ἕν.</em></strong></span> <span class='ocrx_word' id='word_1_193' title='bbox 695 2248 941 2339; x_wconf 76' lang='grc' dir='ltr'><strong><em>ἀναστρέψαντι</em></strong></span> <span class='ocrx_word' id='word_1_194' title='bbox 963 2249 1030 2339; x_wconf 88' lang='grc' dir='ltr'><strong><em>άρα</em></strong></span> <span class='ocrx_word' id='word_1_195' title='bbox 1052 2275 1092 2319; x_wconf 93' lang='grc' dir='ltr'><strong><em>το</em></strong></span> <span class='ocrx_word' id='word_1_196' title='bbox 1117 2249 1181 2319; x_wconf 82' lang='grc' dir='ltr'><strong><em>ἀπὸ</em></strong></span> 
     </span>
     <span class='ocr_line' id='line_1_21' title="bbox 114 2353 1183 2444; baseline 0.003 -22"><span class='ocrx_word' id='word_1_197' title='bbox 114 2380 148 2430; x_wconf 77' lang='lat'><strong><em>20</em></strong></span> <span class='ocrx_word' id='word_1_198' title='bbox 166 2367 225 2442; x_wconf 90' lang='grc' dir='ltr'><strong><em>τῆς</em></strong></span> <span class='ocrx_word' id='word_1_199' title='bbox 252 2361 322 2423; x_wconf 91' lang='grc' dir='ltr'><strong><em>ΒΚ</em></strong></span> <span class='ocrx_word' id='word_1_200' title='bbox 350 2353 436 2442; x_wconf 83' lang='grc' dir='ltr'><strong><em>πρὸς</em></strong></span> <span class='ocrx_word' id='word_1_201' title='bbox 461 2354 499 2422; x_wconf 91' lang='grc' dir='ltr'><strong><em>τὸ</em></strong></span> <span class='ocrx_word' id='word_1_202' title='bbox 527 2353 591 2424; x_wconf 87' lang='grc' dir='ltr'><strong><em>ἀιιὸ</em></strong></span> <span class='ocrx_word' id='word_1_203' title='bbox 618 2360 677 2443; x_wconf 86' lang='grc' dir='ltr'><strong><em>τῆς</em></strong></span> <span class='ocrx_word' id='word_1_204' title='bbox 700 2363 739 2423; x_wconf 91' lang='grc' dir='ltr'><em>Ν</em></span> <span class='ocrx_word' id='word_1_205' title='bbox 761 2355 866 2442; x_wconf 77' lang='grc' dir='ltr'><strong><em>λόγον</em></strong></span> <span class='ocrx_word' id='word_1_206' title='bbox 889 2362 966 2444; x_wconf 76' lang='grc' dir='ltr'><strong><em>ἔχει,</em></strong></span> <span class='ocrx_word' id='word_1_207' title='bbox 995 2353 1037 2425; x_wconf 79' lang='grc' dir='ltr'><strong><em>ὃν</em></strong></span> <span class='ocrx_word' id='word_1_208' title='bbox 1058 2357 1183 2444; x_wconf 58' lang='grc' dir='ltr'><strong><em>ἰατρὸς</em></strong></span> 
     </span>
     <span class='ocr_line' id='line_1_22' title="bbox 165 2448 1184 2552; baseline 0 -22"><span class='ocrx_word' id='word_1_209' title='bbox 165 2448 200 2548; x_wconf 68' lang='grc' dir='ltr'><strong><em>Β,</em></strong></span> <span class='ocrx_word' id='word_1_210' title='bbox 228 2458 291 2547; x_wconf 82' lang='grc' dir='ltr'><strong><em>οὐχ</em></strong></span> <span class='ocrx_word' id='word_1_211' title='bbox 318 2457 360 2527; x_wconf 85' lang='grc' dir='ltr'><strong><em>ὃν</em></strong></span> <span class='ocrx_word' id='word_1_212' title='bbox 382 2459 590 2549; x_wconf 82' lang='grc' dir='ltr'><strong><em>τετράγωνος</em></strong></span> <span class='ocrx_word' id='word_1_213' title='bbox 615 2463 698 2550; x_wconf 82' lang='grc' dir='ltr'><strong><em>πρὸς</em></strong></span> <span class='ocrx_word' id='word_1_214' title='bbox 719 2460 944 2552; x_wconf 81' lang='grc' dir='ltr'><strong><em>τετράγωνον·</em></strong></span> <span class='ocrx_word' id='word_1_215' title='bbox 971 2459 1184 2551; x_wconf 82' lang='grc' dir='ltr'><strong><em>ἀσύμμετρος</em></strong></span> 
     </span>
     <span class='ocr_line' id='line_1_23' title="bbox 166 2563 1183 2656; baseline 0.001 -21"><span class='ocrx_word' id='word_1_216' title='bbox 166 2566 351 2653; x_wconf 76' lang='grc' dir='ltr'><strong><em>άραέστὶν</em></strong></span> <span class='ocrx_word' id='word_1_217' title='bbox 378 2563 399 2651; x_wconf 90' lang='grc' dir='ltr'><strong><em>ῆ</em></strong></span> <span class='ocrx_word' id='word_1_218' title='bbox 423 2573 492 2634; x_wconf 93' lang='grc' dir='ltr'><strong><em>ΒΚ</em></strong></span> <span class='ocrx_word' id='word_1_219' title='bbox 513 2578 553 2656; x_wconf 88' lang='grc' dir='ltr'><strong><em>τῆ</em></strong></span> <span class='ocrx_word' id='word_1_220' title='bbox 577 2574 625 2636; x_wconf 90' lang='grc' dir='ltr'><strong><em>Ν·</em></strong></span> <span class='ocrx_word' id='word_1_221' title='bbox 652 2567 673 2654; x_wconf 87' lang='grc' dir='ltr'><strong><em>ῆ</em></strong></span> <span class='ocrx_word' id='word_1_222' title='bbox 701 2574 771 2636; x_wconf 90' lang='grc' dir='ltr'><strong><em>ΒΚ</em></strong></span> <span class='ocrx_word' id='word_1_223' title='bbox 797 2566 863 2654; x_wconf 82' lang='grc' dir='ltr'><strong><em>ἀρα</em></strong></span> <span class='ocrx_word' id='word_1_224' title='bbox 889 2571 948 2655; x_wconf 87' lang='grc' dir='ltr'><strong><em>τῆς</em></strong></span> <span class='ocrx_word' id='word_1_225' title='bbox 969 2574 1053 2636; x_wconf 91' lang='grc' dir='ltr'><strong><em>ΚΜ</em></strong></span> <span class='ocrx_word' id='word_1_226' title='bbox 1071 2575 1183 2656; x_wconf 75' lang='grc' dir='ltr'><strong><em>μεῖζον</em></strong></span> 
     </span>
     <span class='ocr_line' id='line_1_24' title="bbox 167 2666 1183 2764; baseline 0.001 -24"><span class='ocrx_word' id='word_1_227' title='bbox 167 2672 308 2740; x_wconf 76' lang='grc' dir='ltr'><strong><em>δύναται</em></strong></span> <span class='ocrx_word' id='word_1_228' title='bbox 335 2676 381 2764; x_wconf 75' lang='grc' dir='ltr'><strong><em>τῷ</em></strong></span> <span class='ocrx_word' id='word_1_229' title='bbox 405 2670 471 2741; x_wconf 81' lang='grc' dir='ltr'><strong><em>ἀπο</em></strong></span> <span class='ocrx_word' id='word_1_230' title='bbox 499 2671 712 2762; x_wconf 77' lang='grc' dir='ltr'><strong><em>ἀσυμμέτρου</em></strong></span> <span class='ocrx_word' id='word_1_231' title='bbox 739 2674 850 2762; x_wconf 80' lang='grc' dir='ltr'><strong><em>ἑαυτῆ.</em></strong></span> <span class='ocrx_word' id='word_1_232' title='bbox 896 2674 966 2742; x_wconf 77' lang='grc' dir='ltr'><strong><em>ἐπεὶ</em></strong></span> <span class='ocrx_word' id='word_1_233' title='bbox 988 2666 1052 2743; x_wconf 80' lang='grc' dir='ltr'><strong><em>οὖν</em></strong></span> <span class='ocrx_word' id='word_1_234' title='bbox 1076 2672 1183 2762; x_wconf 80' lang='grc' dir='ltr'><strong><em>ὅληῆ</em></strong></span> 
     </span>
     <span class='ocr_line' id='line_1_25' title="bbox 167 2779 1183 2872; baseline 0.004 -28"><span class='ocrx_word' id='word_1_235' title='bbox 167 2784 238 2873; x_wconf 86' lang='grc' dir='ltr'><strong><em>ΒΚ</em></strong></span> <span class='ocrx_word' id='word_1_236' title='bbox 257 2781 315 2864; x_wconf 92' lang='grc' dir='ltr'><strong><em>τῆς</em></strong></span> <span class='ocrx_word' id='word_1_237' title='bbox 336 2779 634 2867; x_wconf 80' lang='grc' dir='ltr'><strong><em>προσαρμοζούσης</em></strong></span> <span class='ocrx_word' id='word_1_238' title='bbox 655 2790 714 2866; x_wconf 89' lang='grc' dir='ltr'><strong><em>τῆς</em></strong></span> <span class='ocrx_word' id='word_1_239' title='bbox 736 2785 815 2847; x_wconf 94' lang='grc' dir='ltr'><strong><em>ΚΜ</em></strong></span> <span class='ocrx_word' id='word_1_240' title='bbox 837 2785 949 2867; x_wconf 75' lang='grc' dir='ltr'><strong><em>μεῖζον</em></strong></span> <span class='ocrx_word' id='word_1_241' title='bbox 971 2779 1115 2849; x_wconf 75' lang='grc' dir='ltr'><strong><em>δύναται</em></strong></span> <span class='ocrx_word' id='word_1_242' title='bbox 1137 2785 1183 2872; x_wconf 76' lang='grc' dir='ltr'><strong><em>τῷ</em></strong></span> 
     </span>
     <span class='ocr_line' id='line_1_26' title="bbox 115 2880 1185 2976; baseline 0 -23"><span class='ocrx_word' id='word_1_243' title='bbox 115 2905 148 2955; x_wconf 78' lang='lat'><strong><em>25</em></strong></span> <span class='ocrx_word' id='word_1_244' title='bbox 168 2882 233 2951; x_wconf 79' lang='grc' dir='ltr'><strong><em>ἀπὸ</em></strong></span> <span class='ocrx_word' id='word_1_245' title='bbox 257 2880 470 2976; x_wconf 80' lang='grc' dir='ltr'><strong><em>ἀσυμμέτρου</em></strong></span> <span class='ocrx_word' id='word_1_246' title='bbox 493 2885 605 2975; x_wconf 82' lang='grc' dir='ltr'><strong><em>ἑαυτῆ,</em></strong></span> <span class='ocrx_word' id='word_1_247' title='bbox 627 2886 683 2954; x_wconf 75' lang='grc' dir='ltr'><strong><em>καὶ</em></strong></span> <span class='ocrx_word' id='word_1_248' title='bbox 707 2884 767 2972; x_wconf 79' lang='grc' dir='ltr'><strong><em>ὅλη</em></strong></span> <span class='ocrx_word' id='word_1_249' title='bbox 786 2884 892 2972; x_wconf 89' lang='grc' dir='ltr'><strong><em>ῆΒΚ</em></strong></span> <span class='ocrx_word' id='word_1_250' title='bbox 909 2884 1097 2974; x_wconf 80' lang='grc' dir='ltr'><strong><em>σύμμετρός</em></strong></span> <span class='ocrx_word' id='word_1_251' title='bbox 1116 2889 1185 2956; x_wconf 78' lang='grc' dir='ltr'><strong><em>ἐστι</em></strong></span> 
     </span>
     <span class='ocr_line' id='line_1_27' title="bbox 167 2990 1185 3081; baseline 0.005 -25"><span class='ocrx_word' id='word_1_252' title='bbox 167 2992 206 3077; x_wconf 89' lang='grc' dir='ltr'><strong><em>τῆ</em></strong></span> <span class='ocrx_word' id='word_1_253' title='bbox 226 2991 396 3080; x_wconf 76' lang='grc' dir='ltr'><strong><em>ἐκκειμένῃ</em></strong></span> <span class='ocrx_word' id='word_1_254' title='bbox 415 2994 497 3081; x_wconf 84' lang='grc' dir='ltr'><strong><em>ῥητῆ</em></strong></span> <span class='ocrx_word' id='word_1_255' title='bbox 516 3002 555 3081; x_wconf 84' lang='grc' dir='ltr'><strong><em>τῆ</em></strong></span> <span class='ocrx_word' id='word_1_256' title='bbox 575 2999 652 3077; x_wconf 89' lang='grc' dir='ltr'><strong><em>ΒΘ,</em></strong></span> <span class='ocrx_word' id='word_1_257' title='bbox 676 2990 828 3080; x_wconf 81' lang='grc' dir='ltr'><strong><em>ἀποτομὴ</em></strong></span> <span class='ocrx_word' id='word_1_258' title='bbox 846 2990 911 3080; x_wconf 85' lang='grc' dir='ltr'><strong><em>ἀρα</em></strong></span> <span class='ocrx_word' id='word_1_259' title='bbox 934 2990 1073 3080; x_wconf 79' lang='grc' dir='ltr'><strong><em>τετάρτη</em></strong></span> <span class='ocrx_word' id='word_1_260' title='bbox 1093 2993 1185 3062; x_wconf 78' lang='grc' dir='ltr'><strong><em>ἐστὶν</em></strong></span> 
     </span>
    </p>

    <p class='ocr_par' dir='ltr' id='par_1_6' title="bbox 168 3092 1187 3292">
     <span class='ocr_line' id='line_1_28' title="bbox 168 3092 1187 3186; baseline 0.005 -24"><span class='ocrx_word' id='word_1_261' title='bbox 168 3092 189 3182; x_wconf 90' lang='grc' dir='ltr'><strong><em>ῆ</em></strong></span> <span class='ocrx_word' id='word_1_262' title='bbox 223 3102 305 3163; x_wconf 91' lang='grc' dir='ltr'><strong><em>ΜΒ.</em></strong></span> <span class='ocrx_word' id='word_1_263' title='bbox 358 3093 397 3164; x_wconf 89' lang='grc' dir='ltr'><strong><em>τὸ</em></strong></span> <span class='ocrx_word' id='word_1_264' title='bbox 430 3095 468 3164; x_wconf 73' lang='grc' dir='ltr'><strong><em>δὲ</em></strong></span> <span class='ocrx_word' id='word_1_265' title='bbox 503 3095 569 3166; x_wconf 84' lang='grc' dir='ltr'><strong><em>ὑπὸ</em></strong></span> <span class='ocrx_word' id='word_1_266' title='bbox 602 3100 705 3186; x_wconf 90' lang='grc' dir='ltr'><strong><em>ῥητῆς</em></strong></span> <span class='ocrx_word' id='word_1_267' title='bbox 735 3099 791 3165; x_wconf 82' lang='grc' dir='ltr'><strong><em>καὶ</em></strong></span> <span class='ocrx_word' id='word_1_268' title='bbox 823 3095 994 3185; x_wconf 78' lang='grc' dir='ltr'><strong><em>ἀποτομῆς</em></strong></span> <span class='ocrx_word' id='word_1_269' title='bbox 1028 3097 1187 3186; x_wconf 82' lang='grc' dir='ltr'><strong><em>τετάρτης</em></strong></span> 
     </span>
     <span class='ocr_line' id='line_1_29' title="bbox 168 3199 1187 3292; baseline 0.003 -24"><span class='ocrx_word' id='word_1_270' title='bbox 168 3200 406 3289; x_wconf 81' lang='grc' dir='ltr'><strong><em>περιεχόμενον</em></strong></span> <span class='ocrx_word' id='word_1_271' title='bbox 435 3199 650 3292; x_wconf 75' lang='grc' dir='ltr'><strong><em>ὀρθογώνιον</em></strong></span> <span class='ocrx_word' id='word_1_272' title='bbox 673 3202 801 3291; x_wconf 80' lang='grc' dir='ltr'><strong><em>ἀλομόν</em></strong></span> <span class='ocrx_word' id='word_1_273' title='bbox 828 3205 930 3290; x_wconf 83' lang='grc' dir='ltr'><strong><em>ἐστιν,</em></strong></span> <span class='ocrx_word' id='word_1_274' title='bbox 957 3203 1013 3271; x_wconf 78' lang='grc' dir='ltr'><strong><em>καὶ</em></strong></span> <span class='ocrx_word' id='word_1_275' title='bbox 1037 3199 1057 3290; x_wconf 88' lang='grc' dir='ltr'><strong><em>ῆ</em></strong></span> <span class='ocrx_word' id='word_1_276' title='bbox 1084 3207 1187 3272; x_wconf 78' lang='grc' dir='ltr'><strong><em>δυνα-</em></strong></span> 
     </span>
    </p>
   </div>
   <div class='ocr_carea' id='block_1_3' title="bbox 239 3450 1189 3575">
    <p class='ocr_par' dir='ltr' id='par_1_7' title="bbox 239 3450 1189 3575">
     <span class='ocr_line' id='line_1_30' title="bbox 239 3450 1189 3575; baseline 0.005 -72"><span class='ocrx_word' id='word_1_277' title='bbox 239 3455 265 3504; x_wconf 77' lang='lat'><strong><em>2.</em></strong></span> <span class='ocrx_word' id='word_1_278' title='bbox 285 3450 356 3533; x_wconf 81' lang='grc' dir='ltr'><strong><em>ΒΚ]</em></strong></span> <span class='ocrx_word' id='word_1_279' title='bbox 376 3454 398 3503; x_wconf 88' lang='grc' dir='ltr'><strong><em>Β</em></strong></span> <span class='ocrx_word' id='word_1_280' title='bbox 418 3466 487 3505; x_wconf 80' lang='lat' dir='ltr'>corr.</span> <span class='ocrx_word' id='word_1_281' title='bbox 507 3467 541 3506; x_wconf 84' lang='lat' dir='ltr'><strong><em>ex</em></strong></span> <span class='ocrx_word' id='word_1_282' title='bbox 561 3455 587 3505; x_wconf 91' lang='grc' dir='ltr'>Γ</span> <span class='ocrx_word' id='word_1_283' title='bbox 602 3468 639 3506; x_wconf 88' lang='lat' dir='ltr'><strong><em>m.</em></strong></span> <span class='ocrx_word' id='word_1_284' title='bbox 660 3459 674 3506; x_wconf 94' lang='lat'><strong>1</strong></span> <span class='ocrx_word' id='word_1_285' title='bbox 694 3453 720 3508; x_wconf 94' lang='lat' dir='ltr'><strong><em>b.</em></strong></span> <span class='ocrx_word' id='word_1_286' title='bbox 776 3457 801 3508; x_wconf 84' lang='grc'><strong><em>3.</em></strong></span> <span class='ocrx_word' id='word_1_287' title='bbox 816 3451 895 3522; x_wconf 89' lang='grc' dir='ltr'><strong><em>ΚΜ]</em></strong></span> <span class='ocrx_word' id='word_1_288' title='bbox 910 3451 982 3575; x_wconf 41' lang='lat' dir='ltr'><strong><em>Q.)</em></strong></span> <span class='ocrx_word' id='word_1_289' title='bbox 1001 3454 1068 3506; x_wconf 92' lang='grc' dir='ltr'><strong><em>ΜΚ</em></strong></span> <span class='ocrx_word' id='word_1_290' title='bbox 1084 3451 1119 3519; x_wconf 73' lang='lat' dir='ltr'><strong><em>b3</em></strong></span> <span class='ocrx_word' id='word_1_291' title='bbox 1139 3457 1189 3522; x_wconf 81' lang='grc' dir='ltr'><strong><em>τῆς</em></strong></span> 
     </span>
    </p>
   </div>
   <div class='ocr_carea' id='block_1_4' title="bbox 81 3517 901 3696">
    <p class='ocr_par' dir='ltr' id='par_1_8' title="bbox 81 3517 901 3696">
     <span class='ocr_line' id='line_1_31' title="bbox 170 3517 901 3593; baseline 0.005 -20"><span class='ocrx_word' id='word_1_292' title='bbox 170 3522 236 3574; x_wconf 92' lang='grc' dir='ltr'><strong><em>ΜΚ</em></strong></span> <span class='ocrx_word' id='word_1_293' title='bbox 250 3519 497 3589; x_wconf 65' lang='grc' dir='ltr'><strong><em>Βη,τηςΚΜΚ.</em></strong></span> <span class='ocrx_word' id='word_1_294' title='bbox 552 3517 792 3593; x_wconf 61' lang='grc' dir='ltr'><strong><em>5.ἐστίν]οοι.ν.</em></strong></span> <span class='ocrx_word' id='word_1_295' title='bbox 848 3527 901 3578; x_wconf 90' lang='grc' dir='ltr'><strong><em>ΚΒ</em></strong></span> 
     </span>
     <span class='ocr_line' id='line_1_32' title="bbox 81 3640 134 3696; baseline 0 0"><span class='ocrx_word' id='word_1_296' title='bbox 81 3640 134 3696; x_wconf 62' lang='grc' dir='ltr'>Ε</span> 
     </span>
    </p>
   </div>
   <div class='ocr_carea' id='block_1_5' title="bbox 939 3517 1189 3581">
    <p class='ocr_par' dir='ltr' id='par_1_9' title="bbox 939 3517 1189 3581">
     <span class='ocr_line' id='line_1_33' title="bbox 939 3517 1189 3581; baseline 0.008 -2"><span class='ocrx_word' id='word_1_297' title='bbox 939 3566 944 3579; x_wconf 95' lang='grc'><strong><em>.</em></strong></span> <span class='ocrx_word' id='word_1_298' title='bbox 1001 3528 1026 3579; x_wconf 82' lang='grc'><strong><em>6.</em></strong></span> <span class='ocrx_word' id='word_1_299' title='bbox 1042 3517 1120 3579; x_wconf 75' lang='grc' dir='ltr'><strong><em>ἐστιν</em></strong></span> <span class='ocrx_word' id='word_1_300' title='bbox 1134 3523 1189 3581; x_wconf 86' lang='grc' dir='ltr'><strong><em>ΡΒ.</em></strong></span> 
     </span>
    </p>
   </div>
   <div class='ocr_carea' id='block_1_6' title="bbox 0 0 1253 3952">
    <p class='ocr_par' dir='ltr' id='par_1_10' title="bbox 0 0 1253 3952">
     <span class='ocr_line' id='line_1_34' title="bbox 0 0 1253 3952; baseline 0 0"><span class='ocrx_word' id='word_1_301' title='bbox 0 0 1253 3952; x_wconf 95' lang='lat' dir='ltr'><strong><em> </em></strong></span> 
     </span>
    </p>
   </div>
  </div>
 </body>
</html>
