<?xml version="1.0" encoding="UTF-8"?>
<!DOCTYPE html PUBLIC "-//W3C//DTD XHTML 1.0 Transitional//EN"
    "http://www.w3.org/TR/xhtml1/DTD/xhtml1-transitional.dtd">
<html xmlns="http://www.w3.org/1999/xhtml" xml:lang="en" lang="en">
 <head>
  <title>
</title>
<meta http-equiv="Content-Type" content="text/html;charset=utf-8" />
  <meta name='ocr-system' content='tesseract 3.04.00' />
  <meta name='ocr-capabilities' content='ocr_page ocr_carea ocr_par ocr_line ocrx_word'/>
</head>
<body>
  <div class='ocr_page' id='page_1' title='image "./euclidisoperaom00unkngoog_0064.png"; bbox 0 0 2468 3952; ppageno 0'>
   <div class='ocr_carea' id='block_1_1' title="bbox 382 187 1117 250">
    <p class='ocr_par' dir='ltr' id='par_1_1' title="bbox 382 187 1117 250">
     <span class='ocr_line' id='line_1_1' title="bbox 382 187 1117 250; baseline 0 -8"><span class='ocrx_word' id='word_1_1' title='bbox 382 189 656 242; x_wconf 83' lang='lat' dir='ltr'><strong>ELEMENTORUM</strong></span> <span class='ocrx_word' id='word_1_2' title='bbox 675 190 785 240; x_wconf 86' lang='lat' dir='ltr'><strong>LIBER</strong></span> <span class='ocrx_word' id='word_1_3' title='bbox 802 190 849 243; x_wconf 87' lang='lat' dir='ltr'>XI.</span> <span class='ocrx_word' id='word_1_4' title='bbox 1076 187 1117 250; x_wconf 83' lang='lat'>51</span> 
     </span>
    </p>
   </div>
   <div class='ocr_carea' id='block_1_2' title="bbox 102 331 1122 1144">
    <p class='ocr_par' dir='ltr' id='par_1_2' title="bbox 102 331 1120 738">
     <span class='ocr_line' id='line_1_2' title="bbox 105 331 1120 417; baseline -0.008 -15"><span class='ocrx_word' id='word_1_5' title='bbox 105 335 282 402; x_wconf 90' lang='lat' dir='ltr'>dicularem</span> <span class='ocrx_word' id='word_1_6' title='bbox 311 356 389 400; x_wconf 88' lang='lat' dir='ltr'>esse.</span> <span class='ocrx_word' id='word_1_7' title='bbox 440 354 517 417; x_wconf 83' lang='lat' dir='ltr'>ergo</span> <span class='ocrx_word' id='word_1_8' title='bbox 541 337 612 398; x_wconf 80' lang='grc' dir='ltr'>ΔΕ</span> <span class='ocrx_word' id='word_1_9' title='bbox 636 333 770 417; x_wconf 91' lang='lat' dir='ltr'>planum</span> <span class='ocrx_word' id='word_1_10' title='bbox 794 331 834 396; x_wconf 89' lang='lat' dir='ltr'>ad</span> <span class='ocrx_word' id='word_1_11' title='bbox 858 331 1027 396; x_wconf 88' lang='lat' dir='ltr'>subiacens</span> <span class='ocrx_word' id='word_1_12' title='bbox 1049 352 1120 414; x_wconf 90' lang='lat' dir='ltr'>per-</span> 
     </span>
     <span class='ocr_line' id='line_1_3' title="bbox 102 437 1120 527; baseline -0.007 -20"><span class='ocrx_word' id='word_1_13' title='bbox 102 442 310 527; x_wconf 89' lang='lat' dir='ltr'>pendiculare</span> <span class='ocrx_word' id='word_1_14' title='bbox 334 444 393 506; x_wconf 72' lang='lat' dir='ltr'>est.</span> <span class='ocrx_word' id='word_1_15' title='bbox 433 441 499 505; x_wconf 91' lang='lat' dir='ltr'>iam</span> <span class='ocrx_word' id='word_1_16' title='bbox 523 440 673 505; x_wconf 75' lang='lat' dir='ltr'>similiter</span> <span class='ocrx_word' id='word_1_17' title='bbox 692 437 997 521; x_wconf 81' lang='lat' dir='ltr'>demonstrabimus,</span> <span class='ocrx_word' id='word_1_18' title='bbox 1021 437 1120 502; x_wconf 80' lang='lat' dir='ltr'>eriam</span> 
     </span>
     <span class='ocr_line' id='line_1_4' title="bbox 105 543 1120 633; baseline -0.007 -19"><span class='ocrx_word' id='word_1_19' title='bbox 105 549 218 615; x_wconf 90' lang='lat' dir='ltr'>omnia</span> <span class='ocrx_word' id='word_1_20' title='bbox 239 549 351 633; x_wconf 89' lang='lat' dir='ltr'>plana,</span> <span class='ocrx_word' id='word_1_21' title='bbox 375 569 458 632; x_wconf 92' lang='lat' dir='ltr'>quae</span> <span class='ocrx_word' id='word_1_22' title='bbox 475 569 534 630; x_wconf 92' lang='lat' dir='ltr'>per</span> <span class='ocrx_word' id='word_1_23' title='bbox 552 550 618 611; x_wconf 89' lang='lat' dir='ltr'>AB</span> <span class='ocrx_word' id='word_1_24' title='bbox 636 546 807 629; x_wconf 81' lang='lat' dir='ltr'>ducanlur,</span> <span class='ocrx_word' id='word_1_25' title='bbox 831 543 871 607; x_wconf 91' lang='lat' dir='ltr'>ad</span> <span class='ocrx_word' id='word_1_26' title='bbox 893 544 1026 627; x_wconf 92' lang='lat' dir='ltr'>planum</span> <span class='ocrx_word' id='word_1_27' title='bbox 1046 544 1120 609; x_wconf 92' lang='lat' dir='ltr'>sub-</span> 
     </span>
     <span class='ocr_line' id='line_1_5' title="bbox 104 653 617 738; baseline -0.008 -18"><span class='ocrx_word' id='word_1_28' title='bbox 104 657 214 720; x_wconf 90' lang='lat' dir='ltr'>iacens</span> <span class='ocrx_word' id='word_1_29' title='bbox 237 653 515 738; x_wconf 89' lang='lat' dir='ltr'>perpendicularia</span> <span class='ocrx_word' id='word_1_30' title='bbox 538 674 617 718; x_wconf 89' lang='lat' dir='ltr'>esse.</span> 
     </span>
    </p>

    <p class='ocr_par' dir='ltr' id='par_1_3' title="bbox 105 756 1122 1144">
     <span class='ocr_line' id='line_1_6' title="bbox 173 756 1120 845; baseline -0.006 -19"><span class='ocrx_word' id='word_1_31' title='bbox 173 760 262 845; x_wconf 85' lang='lat' dir='ltr'>Ergo</span> <span class='ocrx_word' id='word_1_32' title='bbox 290 762 319 825; x_wconf 92' lang='lat' dir='ltr'>si</span> <span class='ocrx_word' id='word_1_33' title='bbox 346 763 435 825; x_wconf 79' lang='lat' dir='ltr'>reela</span> <span class='ocrx_word' id='word_1_34' title='bbox 463 758 503 823; x_wconf 92' lang='lat' dir='ltr'>ad</span> <span class='ocrx_word' id='word_1_35' title='bbox 533 760 666 844; x_wconf 90' lang='lat' dir='ltr'>planum</span> <span class='ocrx_word' id='word_1_36' title='bbox 689 757 823 842; x_wconf 81' lang='lat' dir='ltr'>aliquod</span> <span class='ocrx_word' id='word_1_37' title='bbox 846 756 1120 842; x_wconf 82' lang='lat' dir='ltr'>perpendicularis</span> 
     </span>
     <span class='ocr_line' id='line_1_7' title="bbox 107 861 1122 951; baseline -0.008 -18"><span class='ocrx_word' id='word_1_38' title='bbox 107 872 171 951; x_wconf 81' lang='lat' dir='ltr'>est,</span> <span class='ocrx_word' id='word_1_39' title='bbox 198 868 297 932; x_wconf 78' lang='lat' dir='ltr'>eliam</span> <span class='ocrx_word' id='word_1_40' title='bbox 325 866 435 930; x_wconf 92' lang='lat' dir='ltr'>omnia</span> <span class='ocrx_word' id='word_1_41' title='bbox 458 866 570 950; x_wconf 87' lang='lat' dir='ltr'>plana,</span> <span class='ocrx_word' id='word_1_42' title='bbox 598 886 682 949; x_wconf 86' lang='lat' dir='ltr'>quae</span> <span class='ocrx_word' id='word_1_43' title='bbox 705 886 764 947; x_wconf 91' lang='lat' dir='ltr'>per</span> <span class='ocrx_word' id='word_1_44' title='bbox 788 885 860 928; x_wconf 90' lang='lat' dir='ltr'>eam</span> <span class='ocrx_word' id='word_1_45' title='bbox 883 863 1057 945; x_wconf 76' lang='lat' dir='ltr'>ducuntur,</span> <span class='ocrx_word' id='word_1_46' title='bbox 1080 861 1122 925; x_wconf 90' lang='lat' dir='ltr'>ad</span> 
     </span>
     <span class='ocr_line' id='line_1_8' title="bbox 105 969 1121 1058; baseline -0.007 -19"><span class='ocrx_word' id='word_1_47' title='bbox 105 975 192 1039; x_wconf 89' lang='lat' dir='ltr'>idem</span> <span class='ocrx_word' id='word_1_48' title='bbox 214 974 348 1058; x_wconf 91' lang='lat' dir='ltr'>planum</span> <span class='ocrx_word' id='word_1_49' title='bbox 366 972 644 1056; x_wconf 88' lang='lat' dir='ltr'>perpendicularia</span> <span class='ocrx_word' id='word_1_50' title='bbox 663 974 773 1054; x_wconf 80' lang='lat' dir='ltr'>erunt3</span> <span class='ocrx_word' id='word_1_51' title='bbox 798 969 884 1054; x_wconf 90' lang='lat' dir='ltr'>quod</span> <span class='ocrx_word' id='word_1_52' title='bbox 903 972 973 1034; x_wconf 72' lang='lat' dir='ltr'>erat</span> <span class='ocrx_word' id='word_1_53' title='bbox 992 969 1121 1033; x_wconf 91' lang='lat' dir='ltr'>demon·</span> 
     </span>
     <span class='ocr_line' id='line_1_9' title="bbox 107 1080 286 1144; baseline -0.011 0"><span class='ocrx_word' id='word_1_54' title='bbox 107 1080 286 1144; x_wconf 77' lang='lat' dir='ltr'><strong>strandum.</strong></span> 
     </span>
    </p>
   </div>
   <div class='ocr_carea' id='block_1_3' title="bbox 573 1252 659 1317">
    <p class='ocr_par' dir='ltr' id='par_1_4' title="bbox 573 1252 659 1317">
     <span class='ocr_line' id='line_1_10' title="bbox 573 1252 659 1317; baseline 0 0"><span class='ocrx_word' id='word_1_55' title='bbox 573 1252 659 1317; x_wconf 88' lang='lat' dir='ltr'>XIX.</span> 
     </span>
    </p>
   </div>
   <div class='ocr_carea' id='block_1_4' title="bbox 105 1377 1143 3161">
    <p class='ocr_par' dir='ltr' id='par_1_5' title="bbox 105 1377 1143 1677">
     <span class='ocr_line' id='line_1_11' title="bbox 175 1377 1123 1463; baseline 0 -19"><span class='ocrx_word' id='word_1_56' title='bbox 175 1378 210 1444; x_wconf 80' lang='lat' dir='ltr'>Si</span> <span class='ocrx_word' id='word_1_57' title='bbox 232 1379 295 1444; x_wconf 93' lang='lat' dir='ltr'>duo</span> <span class='ocrx_word' id='word_1_58' title='bbox 318 1379 419 1462; x_wconf 90' lang='lat' dir='ltr'>plana</span> <span class='ocrx_word' id='word_1_59' title='bbox 441 1378 527 1443; x_wconf 72' lang='lat' dir='ltr'>inter</span> <span class='ocrx_word' id='word_1_60' title='bbox 551 1400 585 1443; x_wconf 90' lang='lat' dir='ltr'>se</span> <span class='ocrx_word' id='word_1_61' title='bbox 609 1379 753 1443; x_wconf 81' lang='lat' dir='ltr'>secantia</span> <span class='ocrx_word' id='word_1_62' title='bbox 778 1378 819 1442; x_wconf 89' lang='lat' dir='ltr'>ad</span> <span class='ocrx_word' id='word_1_63' title='bbox 837 1377 971 1463; x_wconf 88' lang='lat' dir='ltr'>planum</span> <span class='ocrx_word' id='word_1_64' title='bbox 991 1379 1123 1462; x_wconf 87' lang='lat' dir='ltr'>aliquod</span> 
     </span>
     <span class='ocr_line' id='line_1_12' title="bbox 105 1485 1121 1572; baseline -0.002 -20"><span class='ocrx_word' id='word_1_65' title='bbox 105 1486 383 1572; x_wconf 89' lang='lat' dir='ltr'>perpendicularia</span> <span class='ocrx_word' id='word_1_66' title='bbox 415 1490 506 1570; x_wconf 77' lang='lat' dir='ltr'>sunt,</span> <span class='ocrx_word' id='word_1_67' title='bbox 538 1488 637 1550; x_wconf 74' lang='lat' dir='ltr'>eliam</span> <span class='ocrx_word' id='word_1_68' title='bbox 670 1485 852 1550; x_wconf 90' lang='lat' dir='ltr'>communis</span> <span class='ocrx_word' id='word_1_69' title='bbox 881 1507 992 1550; x_wconf 91' lang='lat' dir='ltr'>eorum</span> <span class='ocrx_word' id='word_1_70' title='bbox 1022 1485 1121 1550; x_wconf 78' lang='lat' dir='ltr'>sectio</span> 
     </span>
     <span class='ocr_line' id='line_1_13' title="bbox 107 1578 1143 1677; baseline -0.004 -19"><span class='ocrx_word' id='word_1_71' title='bbox 107 1593 149 1659; x_wconf 89' lang='lat' dir='ltr'>ad</span> <span class='ocrx_word' id='word_1_72' title='bbox 171 1594 257 1658; x_wconf 91' lang='lat' dir='ltr'>idem</span> <span class='ocrx_word' id='word_1_73' title='bbox 278 1593 412 1677; x_wconf 91' lang='lat' dir='ltr'>planum</span> <span class='ocrx_word' id='word_1_74' title='bbox 434 1592 710 1677; x_wconf 79' lang='lat' dir='ltr'>perpendicularis</span> <span class='ocrx_word' id='word_1_75' title='bbox 734 1593 805 1657; x_wconf 81' lang='lat' dir='ltr'>eril.</span> <span class='ocrx_word' id='word_1_76' title='bbox 1140 1578 1143 1584; x_wconf 12' lang='grc' dir='ltr'><em>Δ</em></span> 
     </span>
    </p>

    <p class='ocr_par' dir='ltr' id='par_1_6' title="bbox 174 1698 1123 1784">
     <span class='ocr_line' id='line_1_14' title="bbox 174 1698 1123 1784; baseline -0.001 -19"><span class='ocrx_word' id='word_1_77' title='bbox 174 1699 260 1765; x_wconf 90' lang='lat' dir='ltr'>Nam</span> <span class='ocrx_word' id='word_1_78' title='bbox 279 1699 341 1762; x_wconf 94' lang='lat' dir='ltr'>duo</span> <span class='ocrx_word' id='word_1_79' title='bbox 360 1698 461 1781; x_wconf 88' lang='lat' dir='ltr'>plana</span> <span class='ocrx_word' id='word_1_80' title='bbox 479 1703 544 1762; x_wconf 88' lang='lat' dir='ltr'>AB</span> <span class='ocrx_word' id='word_1_81' title='bbox 549 1748 559 1781; x_wconf 88' lang='lat'><em>‚</em></span> <span class='ocrx_word' id='word_1_82' title='bbox 576 1702 643 1763; x_wconf 90' lang='grc' dir='ltr'>ΒΓ</span> <span class='ocrx_word' id='word_1_83' title='bbox 657 1698 697 1762; x_wconf 91' lang='lat' dir='ltr'>ad</span> <span class='ocrx_word' id='word_1_84' title='bbox 711 1700 846 1783; x_wconf 87' lang='lat' dir='ltr'>planum</span> <span class='ocrx_word' id='word_1_85' title='bbox 867 1698 1035 1764; x_wconf 90' lang='lat' dir='ltr'>subiacens</span> <span class='ocrx_word' id='word_1_86' title='bbox 1050 1721 1123 1784; x_wconf 92' lang='lat' dir='ltr'>per·</span> 
     </span>
    </p>

    <p class='ocr_par' dir='ltr' id='par_1_7' title="bbox 105 1805 1124 3161">
     <span class='ocr_line' id='line_1_15' title="bbox 587 1805 1122 1889; baseline 0 -21"><span class='ocrx_word' id='word_1_87' title='bbox 587 1805 808 1889; x_wconf 88' lang='lat' dir='ltr'>pendicularia</span> <span class='ocrx_word' id='word_1_88' title='bbox 832 1805 911 1887; x_wconf 77' lang='lat' dir='ltr'>sint,</span> <span class='ocrx_word' id='word_1_89' title='bbox 934 1809 967 1869; x_wconf 99' lang='grc' dir='ltr'><strong>εὴ</strong></span> <span class='ocrx_word' id='word_1_90' title='bbox 982 1828 1122 1870; x_wconf 92' lang='lat' dir='ltr'>commu-</span> 
     </span>
     <span class='ocr_line' id='line_1_16' title="bbox 585 1911 1123 1976; baseline 0.006 -3"><span class='ocrx_word' id='word_1_91' title='bbox 585 1911 637 1974; x_wconf 91' lang='lat' dir='ltr'>nis</span> <span class='ocrx_word' id='word_1_92' title='bbox 675 1933 786 1975; x_wconf 91' lang='lat' dir='ltr'>eorum</span> <span class='ocrx_word' id='word_1_93' title='bbox 824 1912 923 1976; x_wconf 79' lang='lat' dir='ltr'>sectio</span> <span class='ocrx_word' id='word_1_94' title='bbox 964 1913 1007 1975; x_wconf 80' lang='lat' dir='ltr'>sit</span> <span class='ocrx_word' id='word_1_95' title='bbox 1044 1915 1123 1976; x_wconf 83' lang='lat' dir='ltr'>BA.</span> 
     </span>
     <span class='ocr_line' id='line_1_17' title="bbox 586 2015 1121 2101; baseline -0.006 -20"><span class='ocrx_word' id='word_1_96' title='bbox 586 2017 671 2101; x_wconf 87' lang='lat' dir='ltr'>dico,</span> <span class='ocrx_word' id='word_1_97' title='bbox 700 2016 768 2081; x_wconf 89' lang='grc' dir='ltr'>ΒΔ</span> <span class='ocrx_word' id='word_1_98' title='bbox 796 2015 837 2081; x_wconf 92' lang='lat' dir='ltr'>ad</span> <span class='ocrx_word' id='word_1_99' title='bbox 859 2017 992 2099; x_wconf 89' lang='lat' dir='ltr'>planum</span> <span class='ocrx_word' id='word_1_100' title='bbox 1016 2016 1121 2080; x_wconf 89' lang='lat' dir='ltr'>subia-</span> 
     </span>
     <span class='ocr_line' id='line_1_18' title="bbox 585 2123 1085 2207; baseline -0.006 -18"><span class='ocrx_word' id='word_1_101' title='bbox 585 2146 660 2190; x_wconf 85' lang='lat' dir='ltr'>cens</span> <span class='ocrx_word' id='word_1_102' title='bbox 683 2123 982 2207; x_wconf 85' lang='lat' dir='ltr'>perpendicularem</span> <span class='ocrx_word' id='word_1_103' title='bbox 1007 2143 1085 2187; x_wconf 90' lang='lat' dir='ltr'>esse.</span> 
     </span>
     <span class='ocr_line' id='line_1_19' title="bbox 651 2230 1124 2313; baseline -0.006 -18"><span class='ocrx_word' id='word_1_104' title='bbox 651 2230 703 2296; x_wconf 89' lang='lat' dir='ltr'>Ne</span> <span class='ocrx_word' id='word_1_105' title='bbox 741 2231 785 2295; x_wconf 79' lang='lat' dir='ltr'>sil</span> <span class='ocrx_word' id='word_1_106' title='bbox 822 2230 921 2313; x_wconf 91' lang='lat' dir='ltr'>enim,</span> <span class='ocrx_word' id='word_1_107' title='bbox 963 2234 996 2294; x_wconf 91' lang='grc' dir='ltr'><strong>εὴ</strong></span> <span class='ocrx_word' id='word_1_108' title='bbox 1033 2252 1052 2294; x_wconf 92' lang='lat' dir='ltr'>a</span> <span class='ocrx_word' id='word_1_109' title='bbox 1090 2234 1124 2292; x_wconf 84' lang='lat' dir='ltr'><em>A</em></span> 
     </span>
     <span class='ocr_line' id='line_1_20' title="bbox 584 2336 1123 2421; baseline -0.006 -19"><span class='ocrx_word' id='word_1_110' title='bbox 584 2341 703 2421; x_wconf 80' lang='lat' dir='ltr'>puncto</span> <span class='ocrx_word' id='word_1_111' title='bbox 727 2337 762 2401; x_wconf 93' lang='lat' dir='ltr'>in</span> <span class='ocrx_word' id='word_1_112' title='bbox 784 2337 883 2421; x_wconf 89' lang='lat' dir='ltr'>plano</span> <span class='ocrx_word' id='word_1_113' title='bbox 902 2341 967 2400; x_wconf 90' lang='lat' dir='ltr'>AB</span> <span class='ocrx_word' id='word_1_114' title='bbox 991 2336 1032 2401; x_wconf 91' lang='lat' dir='ltr'>ad</span> <span class='ocrx_word' id='word_1_115' title='bbox 1055 2357 1123 2399; x_wconf 90' lang='lat' dir='ltr'>rec·</span> 
     </span>
     <span class='ocr_line' id='line_1_21' title="bbox 584 2442 1122 2527; baseline -0.006 -19"><span class='ocrx_word' id='word_1_116' title='bbox 584 2447 652 2508; x_wconf 80' lang='lat' dir='ltr'>tam</span> <span class='ocrx_word' id='word_1_117' title='bbox 675 2448 747 2507; x_wconf 85' lang='grc' dir='ltr'>ΑΛ</span> <span class='ocrx_word' id='word_1_118' title='bbox 769 2443 1044 2527; x_wconf 83' lang='lat' dir='ltr'>perpendicularis</span> <span class='ocrx_word' id='word_1_119' title='bbox 1069 2442 1122 2506; x_wconf 90' lang='lat' dir='ltr'>du·</span> 
     </span>
     <span class='ocr_line' id='line_1_22' title="bbox 585 2549 1121 2642; baseline -0.006 -27"><span class='ocrx_word' id='word_1_120' title='bbox 585 2553 676 2615; x_wconf 78' lang='lat' dir='ltr'>catur</span> <span class='ocrx_word' id='word_1_121' title='bbox 688 2555 721 2613; x_wconf 91' lang='grc' dir='ltr'><em>Δ</em></span> <span class='ocrx_word' id='word_1_122' title='bbox 727 2555 769 2631; x_wconf 83' lang='grc' dir='ltr'>Ε,</span> <span class='ocrx_word' id='word_1_123' title='bbox 784 2551 817 2615; x_wconf 93' lang='lat' dir='ltr'>in</span> <span class='ocrx_word' id='word_1_124' title='bbox 828 2554 894 2642; x_wconf 82' lang='grc' dir='ltr'>ΒΓ</span> <span class='ocrx_word' id='word_1_125' title='bbox 905 2554 1013 2614; x_wconf 72' lang='lat' dir='ltr'>aulem</span> <span class='ocrx_word' id='word_1_126' title='bbox 1024 2549 1121 2633; x_wconf 92' lang='lat' dir='ltr'>plano</span> 
     </span>
     <span class='ocr_line' id='line_1_23' title="bbox 590 2653 1122 2740; baseline -0.002 -20"><span class='ocrx_word' id='word_1_127' title='bbox 590 2657 630 2720; x_wconf 92' lang='lat' dir='ltr'>ad</span> <span class='ocrx_word' id='word_1_128' title='bbox 644 2658 711 2720; x_wconf 91' lang='grc' dir='ltr'>ΓΔ</span> <span class='ocrx_word' id='word_1_129' title='bbox 725 2655 1002 2740; x_wconf 85' lang='lat' dir='ltr'>perpendicularis</span> <span class='ocrx_word' id='word_1_130' title='bbox 1018 2661 1051 2717; x_wconf 83' lang='lat' dir='ltr'><em>A</em></span> <span class='ocrx_word' id='word_1_131' title='bbox 1057 2653 1122 2737; x_wconf 48' lang='grc' dir='ltr'>ΖΕ)</span> 
     </span>
     <span class='ocr_line' id='line_1_24' title="bbox 107 2761 1123 2846; baseline 0 -23"><span class='ocrx_word' id='word_1_132' title='bbox 107 2762 140 2823; x_wconf 90' lang='grc' dir='ltr'><strong>εὴ</strong></span> <span class='ocrx_word' id='word_1_133' title='bbox 155 2762 306 2843; x_wconf 88' lang='lat' dir='ltr'>quoniam</span> <span class='ocrx_word' id='word_1_134' title='bbox 320 2766 385 2826; x_wconf 84' lang='lat' dir='ltr'>AB</span> <span class='ocrx_word' id='word_1_135' title='bbox 399 2763 534 2846; x_wconf 89' lang='lat' dir='ltr'>planum</span> <span class='ocrx_word' id='word_1_136' title='bbox 551 2762 590 2826; x_wconf 90' lang='lat' dir='ltr'>ad</span> <span class='ocrx_word' id='word_1_137' title='bbox 605 2763 774 2845; x_wconf 86' lang='lat' dir='ltr'>subiacens</span> <span class='ocrx_word' id='word_1_138' title='bbox 788 2761 1050 2846; x_wconf 90' lang='lat' dir='ltr'>perpendiculare</span> <span class='ocrx_word' id='word_1_139' title='bbox 1065 2763 1123 2842; x_wconf 76' lang='lat' dir='ltr'>est,</span> 
     </span>
     <span class='ocr_line' id='line_1_25' title="bbox 106 2863 1121 2950; baseline 0.001 -23"><span class='ocrx_word' id='word_1_140' title='bbox 106 2867 140 2927; x_wconf 91' lang='grc' dir='ltr'><strong>εὴ</strong></span> <span class='ocrx_word' id='word_1_141' title='bbox 163 2863 204 2927; x_wconf 93' lang='lat' dir='ltr'>ad</span> <span class='ocrx_word' id='word_1_142' title='bbox 227 2886 429 2930; x_wconf 87' lang='lat' dir='ltr'>communem</span> <span class='ocrx_word' id='word_1_143' title='bbox 453 2887 564 2930; x_wconf 89' lang='lat' dir='ltr'>eorum</span> <span class='ocrx_word' id='word_1_144' title='bbox 588 2866 762 2931; x_wconf 81' lang='lat' dir='ltr'>sectionem</span> <span class='ocrx_word' id='word_1_145' title='bbox 787 2873 857 2932; x_wconf 85' lang='grc' dir='ltr'>ΑΔ</span> <span class='ocrx_word' id='word_1_146' title='bbox 880 2867 914 2930; x_wconf 91' lang='lat' dir='ltr'>in</span> <span class='ocrx_word' id='word_1_147' title='bbox 937 2867 1036 2950; x_wconf 91' lang='lat' dir='ltr'>plano</span> <span class='ocrx_word' id='word_1_148' title='bbox 1056 2869 1121 2929; x_wconf 92' lang='lat' dir='ltr'>AB</span> 
     </span>
     <span class='ocr_line' id='line_1_26' title="bbox 105 2970 1122 3056; baseline 0.002 -24"><span class='ocrx_word' id='word_1_149' title='bbox 105 2970 379 3053; x_wconf 84' lang='lat' dir='ltr'>perpendicularis</span> <span class='ocrx_word' id='word_1_150' title='bbox 395 2971 492 3036; x_wconf 74' lang='lat' dir='ltr'>ducta</span> <span class='ocrx_word' id='word_1_151' title='bbox 507 2976 557 3035; x_wconf 77' lang='lat' dir='ltr'>est</span> <span class='ocrx_word' id='word_1_152' title='bbox 570 2976 651 3055; x_wconf 82' lang='grc' dir='ltr'>ΔΕ,</span> <span class='ocrx_word' id='word_1_153' title='bbox 667 2978 700 3034; x_wconf 86' lang='lat' dir='ltr'><em>A</em></span> <span class='ocrx_word' id='word_1_154' title='bbox 705 2976 736 3035; x_wconf 84' lang='grc' dir='ltr'><em>Ε</em></span> <span class='ocrx_word' id='word_1_155' title='bbox 751 2972 791 3037; x_wconf 91' lang='lat' dir='ltr'>ad</span> <span class='ocrx_word' id='word_1_156' title='bbox 805 2973 938 3056; x_wconf 92' lang='lat' dir='ltr'>planum</span> <span class='ocrx_word' id='word_1_157' title='bbox 953 2972 1122 3036; x_wconf 89' lang='lat' dir='ltr'>subiacens</span> 
     </span>
     <span class='ocr_line' id='line_1_27' title="bbox 105 3075 1122 3161; baseline 0.001 -22"><span class='ocrx_word' id='word_1_158' title='bbox 105 3075 378 3159; x_wconf 87' lang='lat' dir='ltr'>perpendicularis</span> <span class='ocrx_word' id='word_1_159' title='bbox 402 3080 452 3141; x_wconf 75' lang='lat' dir='ltr'>esi</span> <span class='ocrx_word' id='word_1_160' title='bbox 476 3077 549 3158; x_wconf 86' lang='lat' dir='ltr'>[def.</span> <span class='ocrx_word' id='word_1_161' title='bbox 564 3079 609 3158; x_wconf 91' lang='grc'>4].</span> <span class='ocrx_word' id='word_1_162' title='bbox 647 3075 801 3141; x_wconf 80' lang='lat' dir='ltr'>similiter</span> <span class='ocrx_word' id='word_1_163' title='bbox 820 3077 1122 3161; x_wconf 73' lang='lat' dir='ltr'>demonstrabimus,</span> 
     </span>
    </p>
   </div>
   <div class='ocr_carea' id='block_1_5' title="bbox 103 3301 1123 3572">
    <p class='ocr_par' dir='ltr' id='par_1_8' title="bbox 103 3301 1123 3572">
     <span class='ocr_line' id='line_1_28' title="bbox 178 3301 1122 3374; baseline 0.005 -18"><span class='ocrx_word' id='word_1_164' title='bbox 178 3304 204 3371; x_wconf 89' lang='lat'>1)</span> <span class='ocrx_word' id='word_1_165' title='bbox 222 3301 295 3359; x_wconf 85' lang='lat' dir='ltr'>Nam</span> <span class='ocrx_word' id='word_1_166' title='bbox 315 3301 339 3357; x_wconf 90' lang='lat' dir='ltr'>si</span> <span class='ocrx_word' id='word_1_167' title='bbox 353 3303 509 3358; x_wconf 83' lang='lat' dir='ltr'>communis</span> <span class='ocrx_word' id='word_1_168' title='bbox 525 3304 672 3373; x_wconf 89' lang='lat' dir='ltr'>planorum</span> <span class='ocrx_word' id='word_1_169' title='bbox 687 3304 778 3359; x_wconf 76' lang='lat' dir='ltr'>sectio</span> <span class='ocrx_word' id='word_1_170' title='bbox 795 3305 831 3359; x_wconf 90' lang='lat' dir='ltr'>ad</span> <span class='ocrx_word' id='word_1_171' title='bbox 844 3305 960 3374; x_wconf 88' lang='lat' dir='ltr'>planum</span> <span class='ocrx_word' id='word_1_172' title='bbox 976 3305 1122 3361; x_wconf 88' lang='lat' dir='ltr'>subiacens</span> 
     </span>
     <span class='ocr_line' id='line_1_29' title="bbox 103 3375 1122 3447; baseline 0.002 -18"><span class='ocrx_word' id='word_1_173' title='bbox 103 3375 343 3444; x_wconf 86' lang='lat' dir='ltr'>perpendicularis</span> <span class='ocrx_word' id='word_1_174' title='bbox 362 3391 419 3429; x_wconf 93' lang='lat' dir='ltr'>non</span> <span class='ocrx_word' id='word_1_175' title='bbox 438 3378 492 3442; x_wconf 69' lang='lat' dir='ltr'>esc,</span> <span class='ocrx_word' id='word_1_176' title='bbox 511 3375 547 3428; x_wconf 88' lang='lat' dir='ltr'>ad</span> <span class='ocrx_word' id='word_1_177' title='bbox 565 3378 656 3430; x_wconf 73' lang='lat' dir='ltr'>rectas</span> <span class='ocrx_word' id='word_1_178' title='bbox 672 3381 740 3442; x_wconf 88' lang='grc' dir='ltr'>ΔΑ,</span> <span class='ocrx_word' id='word_1_179' title='bbox 756 3378 917 3432; x_wconf 67' lang='lat' dir='ltr'>arrectos</span> <span class='ocrx_word' id='word_1_180' title='bbox 932 3379 1051 3447; x_wconf 82' lang='lat' dir='ltr'>angulos</span> <span class='ocrx_word' id='word_1_181' title='bbox 1066 3395 1122 3433; x_wconf 92' lang='lat' dir='ltr'>non</span> 
     </span>
     <span class='ocr_line' id='line_1_30' title="bbox 105 3444 1123 3519; baseline 0.001 -19"><span class='ocrx_word' id='word_1_182' title='bbox 105 3444 218 3500; x_wconf 80' lang='lat' dir='ltr'>efficiet.</span> <span class='ocrx_word' id='word_1_183' title='bbox 255 3462 320 3514; x_wconf 87' lang='lat' dir='ltr'>ergo</span> <span class='ocrx_word' id='word_1_184' title='bbox 340 3448 369 3500; x_wconf 90' lang='grc' dir='ltr'><strong>εὴ</strong></span> <span class='ocrx_word' id='word_1_185' title='bbox 386 3445 416 3499; x_wconf 90' lang='lat' dir='ltr'>in</span> <span class='ocrx_word' id='word_1_186' title='bbox 434 3447 519 3515; x_wconf 90' lang='lat' dir='ltr'>plano</span> <span class='ocrx_word' id='word_1_187' title='bbox 538 3451 587 3500; x_wconf 85' lang='lat' dir='ltr'>AB</span> <span class='ocrx_word' id='word_1_188' title='bbox 612 3448 640 3500; x_wconf 77' lang='lat' dir='ltr'>et</span> <span class='ocrx_word' id='word_1_189' title='bbox 658 3445 689 3500; x_wconf 91' lang='lat' dir='ltr'>in</span> <span class='ocrx_word' id='word_1_190' title='bbox 707 3451 764 3500; x_wconf 88' lang='grc' dir='ltr'>ΒΓ</span> <span class='ocrx_word' id='word_1_191' title='bbox 781 3446 859 3501; x_wconf 88' lang='lat' dir='ltr'>locus</span> <span class='ocrx_word' id='word_1_192' title='bbox 878 3450 920 3502; x_wconf 81' lang='lat' dir='ltr'>cst</span> <span class='ocrx_word' id='word_1_193' title='bbox 938 3449 1123 3519; x_wconf 41' lang='lat' dir='ltr'>perpendicu‘</span> 
     </span>
     <span class='ocr_line' id='line_1_31' title="bbox 103 3517 695 3572; baseline 0.003 -2"><span class='ocrx_word' id='word_1_194' title='bbox 103 3517 157 3570; x_wconf 90' lang='lat' dir='ltr'>lari</span> <span class='ocrx_word' id='word_1_195' title='bbox 176 3517 213 3572; x_wconf 89' lang='lat' dir='ltr'>ad</span> <span class='ocrx_word' id='word_1_196' title='bbox 231 3521 286 3570; x_wconf 86' lang='grc' dir='ltr'>ΑΔ</span> <span class='ocrx_word' id='word_1_197' title='bbox 305 3518 334 3572; x_wconf 86' lang='grc' dir='ltr'><strong>εὴ</strong></span> <span class='ocrx_word' id='word_1_198' title='bbox 351 3517 388 3572; x_wconf 90' lang='lat' dir='ltr'>ad</span> <span class='ocrx_word' id='word_1_199' title='bbox 408 3523 433 3570; x_wconf 87' lang='grc' dir='ltr'><em>Δ</em></span> <span class='ocrx_word' id='word_1_200' title='bbox 443 3521 469 3571; x_wconf 90' lang='grc' dir='ltr'><strong><em>Γ</em></strong></span> <span class='ocrx_word' id='word_1_201' title='bbox 484 3517 514 3571; x_wconf 89' lang='lat' dir='ltr'>in</span> <span class='ocrx_word' id='word_1_202' title='bbox 533 3522 559 3570; x_wconf 90' lang='grc' dir='ltr'><em>Δ</em></span> <span class='ocrx_word' id='word_1_203' title='bbox 578 3519 695 3572; x_wconf 75' lang='lat' dir='ltr'>erectae.</span> 
     </span>
    </p>
   </div>
   <div class='ocr_carea' id='block_1_6' title="bbox 921 3607 961 3660">
    <p class='ocr_par' dir='ltr' id='par_1_9' title="bbox 921 3607 961 3660">
     <span class='ocr_line' id='line_1_32' title="bbox 921 3607 961 3660; baseline 0 -19"><span class='ocrx_word' id='word_1_204' title='bbox 921 3607 961 3660; x_wconf 66' lang='grc'>4*</span> 
     </span>
    </p>
   </div>
   <div class='ocr_carea' id='block_1_7' title="bbox 0 0 1240 3952">
    <p class='ocr_par' dir='ltr' id='par_1_10' title="bbox 0 0 1240 3952">
     <span class='ocr_line' id='line_1_33' title="bbox 0 0 1240 3952; baseline 0 0"><span class='ocrx_word' id='word_1_205' title='bbox 0 0 1240 3952; x_wconf 95' lang='lat' dir='ltr'> </span> 
     </span>
    </p>
   </div>
  </div>
 </body>
</html>
